2594 4644
154 319 192 360 ιι
369 252 686 361 conantur
727 296 1012 362 uurorts

153 525 189 571 ut
209 512 390 575 Miltiadem
412 511 475 572 sibi
502 511 732 595 imperatorem
755 525 930 574 sumerent.
972 509 1009 570 ld
1031 510 1059 571 si
1079 509 1246 584 fecill’enn

112 615 285 699 lpincepta
322 640 481 701 prospera
509 619 642 680 future.
690 618 764 681 Hoc
801 618 934 681 Oraculi
961 636 1127 705 'responso
1166 612 1247 683 titil-

51 792 58 815 .
150 722 254 783 tiades
293 744 366 785 cum
402 725 526 786 delecte
563 748 657 786 manu
695 726 789 786 olaffe
831 726 1071 786 Chersonesum
1107 722 1255 819 profer-

45 848 48 853 ·
145 841 219 902 tus,
264 852 361 913 quum
382 831 554 894 aecellillet
584 837 778 906 Lemnum.
802 846 834 893 et
862 831 985 892 incolas
1014 827 1084 909 ejus
1113 829 1245 892 insulae

152 933 211 995 sub
231 936 419 1018 potestatem
439 931 592 1024 redigere
606 937 715 1002 ¹rellet
735 935 989 1010 Athenienlium‚
1022 906 1121 1020 idqtie
1143 931 1242 997 bem-

83 1041 132 1121 x5
149 1040 198 1101 nii
235 1065 291 1138 sua
328 1060 443 1128 sponte
471 1047 653 1120 ¹lacerent,
703 1033 914 1128 postulall'et‚
967 1045 1016 1106 illi
1059 1043 1240 1106 irridentes

147 1132 408 1243 responderunt,
452 1167 519 1214 tum
548 1155 583 1216 id
613 1176 648 1216 se
679 1154 842 1226 facturos,
886 1171 984 1235 quum
1013 1151 1091 1226 ille,
1144 1150 1242 1214 domo

149 1348 232 1386 sacra
253 1332 451 1406 procurabat,
470 1326 590 1389 oracula
610 1326 676 1386 'edi-
711 1327 812 1394 cisclns.
823 1333 932 1387 Caesar
947 1350 988 1389 11.
1001 1329 1038 1385 de
1046 1333 1081 1388 Β.
1090 1333 1156 1388 Giv.
1172 1346 1240 1405 cap.

126 1465 127 1471 ¹
149 1399 244 1470 derit,
271 1401 357 1455 docet
383 1400 520 1474 Origines
549 1402 602 1456 lib.
627 1421 674 1455 ιιι.
711 1400 755 1456 33.
774 1403 811 1455 Ut
824 1408 897 1471 neque
917 1402 1021 1470 pedestri
1036 1405 1143 1467 itinere,
1166 1417 1242 1472 neque

149 1480 253 1529 contra
264 1470 380 1524 Oelsum
395 1479 423 1522 et
435 1469 557 1543 Dionys.
571 1470 677 1544 Longi·
711 1467 821 1523 navilus'
845 1479 982 1522 commeatu
1007 1473 1102 1535 juvari
1136 1468 1239 1539 poffint.

147 1554 202 1591 nus
224 1541 292 1609 περὶ
307 1535 378 1604 linet
400 1550 471 1592 sect.
489 1558 528 1592 ιι.
551 1541 673 1592 Buclner.
711 1538 857 1593 Buchncr.
893 1538 957 1591 Pro‘
974 1539 1069 1603 insulae
1095 1538 1175 1595 Vott
1203 1536 1238 1591 Ο.

145 1604 270 1661 Solebat
287 1618 383 1659 autem
402 1608 523 1681 ambage
541 1605 675 1679 quadam,
712 1607 847 1670 injirlatae.

148 1678 198 1726 rut
214 1693 270 1749 per
286 1673 321 1728 τὸ
339 1670 436 1729 λοξὸν
454 1685 488 1731 τῦ
508 1679 587 1745 λόγω
610 1693 675 1729 ora·
745 1675 823 1743 Ialque
843 1683 871 1730 nt
896 1674 1016 1734 Lemnii]
1050 1676 1112 1731 MS.
1131 1674 1236 1737 Boscl.

148 1742 213 1795 cula
230 1761 281 1797 sua
297 1743 470 1808 enuntiare,
489 1746 566 1800 unde
585 1753 615 1797 et
637 1745 675 1797 A.
709 1743 791 1797 Leid.
810 1744 879 1813 idque
896 1745 1008 1796 Lemnii.
1026 1743 1135 1796 Boiius·
1155 1743 1238 1798 Voll'.

50 1822 52 1833 ·
147 1810 230 1878 pollo
253 1808 361 1867 λοξίαι
384 1811 499 1880 dictus,
537 1826 676 1884 tanquam
710 1812 745 1865 Α.
758 1815 791 1865 Β.
805 1812 837 1866 C.
849 1821 878 1866 ut
891 1812 979 1865 ‘etiam
997 1811 1145 1869 omittunt.
1160 1810 1241 1865 bbud

79 1895 80 1899 ¹
148 1879 199 1948 qui
219 1881 356 1934 intricata
375 1891 403 1933 ct
418 1879 575 1954 flexiloqua
598 1882 674 1937 dice.
711 1877 852 1949 absurde,
871 1879 1080 1955 quoniamleri
1104 1889 1187 1932 tores
1200 1878 1259 1944 la-=

147 1956 212 2011 ret,
242 1949 359 2021 testibus
385 1951 530 2016 Scholiasta
554 1949 674 2006 Pindari
711 1948 836 2001 tiniffimi
868 1949 943 2002 hanc
968 1899 1146 2021 particuiam
1177 1946 1243 2023 post

66 2030 85 2076 ,“
148 2030 183 2066 ac
198 2017 372 2091 Sophoclis,
394 2020 487 2071 Servio
502 2020 532 2072 in
545 2038 586 2072 vr.
600 2019 675 2072 Aen.
710 2017 872 2080 verberea,
889 2014 1240 2085 moneo‚1'ubeo‚pojluloet

149 2083 246 2153 Synesio
259 2087 351 2139 inlib.
370 2085 405 2138 de
424 2087 593 2150 insomniis,
612 2089 677 2140 Elia
711 2085 810 2139 fimilia
828 2086 924 2139 solent
938 2085 1090 2139 omittere:
1119 2083 1241 2138 consule

151 2151 259 2221 Creteafi
265 2157 376 2209 Contm.
387 2154 498 2208 inorat.
514 2173 621 2226 equae
633 2167 677 2211 est
711 2155 840 2226 Amplils.
861 2156 1009 2227 Cuperem
1034 2154 1055 2206 l.
1079 2171 1103 2206 ι.
1128 2151 1242 2207 Obser-

148 2220 544 2343 ffmaJndmlulianApost.
557 2226 677 2290 Clemente
712 2232 770 2276 vat.
795 2241 859 2295 cap.
892 2236 939 2292 19.
959 2223 996 2274 cl.
1017 2222 1181 2288 Dukerum
1203 2218 1242 2273 ad

186 2307 226 2343 ex.
246 2299 355 2345 ltrom.
365 2289 417 2343 lib.
430 2310 458 2343 v.
474 2291 598 2364 aliisque
613 2293 677 2365 plu·
711 2292 831 2345 Florum
846 2291 899 2344 lib.
923 2313 947 2347 ι.
972 2308 1036 2364 cap.
1057 2309 1081 2349 ι.
1100 2298 1190 2351 n.'15.
1208 2296 1242 2343 el

148 2357 244 2423 ribus.
280 2359 355 2412 Huic
380 2360 424 2411 rei
441 2371 561 2429 praeter
583 2361 675 2413 Homo.
712 2359 903 2432 Oudendorp.
925 2357 962 2412 ad
983 2357 1190 2412 Frontin.lib.
1212 2376 1239 2413 ι.

148 2431 237 2495 bynna,
265 2429 431 2496 Amphimala,
452 2437 490 2481 et
515 2431 676 2496 Aenigmata,
713 2429 803 2482 Strat.
823 2440 888 2501 cap.
903 2431 928 2495 4.
945 2445 974 2480 ιι.
986 2430 1136 2499 aequare
1148 2436 1178 2479 et
1190 2425 1242 2480 hic

148 2493 350 2550 inserviebant
365 2497 520 2563 Allegoriae,
538 2499 676 2565 Periphra-
713 2497 821 2562 ejicere
834 2492 898 2549 non'
910 2494 1052 2557 dubitavi.
1072 2493 1165 2563 [Cod-
1180 2495 1239 2550 Gu.

143 2562 202 2628 ses,
222 2563 375 2636 omnisque
393 2564 450 2616 alia
466 2563 502 2616 ad
521 2566 678 2635 ἀσάφειαν
712 2576 741 2618 ut
750 2564 875 2629 omittit,
895 2576 924 2617 et
939 2564 1038 2636 paullo
1057 2563 1241 2617 antebabets

149 2632 365 2686 accommodata
395 2631 498 2700 καμπὴ
520 2644 548 2687 et
572 2635 675 2707 ligure.
711 2632 760 2687 M.
781 2637 953 2703 imperatorem
968 2631 1021 2697 siln'
1035 2632 1063 2695 s.
1083 2630 1136 2684 Ed.
1161 2632 1242 2687 Ultr.

149 2700 224 2755 Hine
243 2711 304 2767 est,
327 2700 406 2773 quod
424 2702 520 2755 noster
540 2713 677 2775 tanquam
713 2703 827 2770 idqurL.
836 2702 862 2764 s.
870 2700 914 2769 sp.
930 2710 963 2754 ut
974 2702 1033 2766 fac.
1066 2741 1072 2754 .
1093 2698 1240 2755 Acateris

149 2780 269 2842 praeter
283 2786 395 2822 morem
411 2770 544 2824 accidille
560 2773 676 2837 scribit,
713 2771 886 2824 antebamb.
899 2768 970 2825 edd.
983 2779 1012 2822 nt
1028 2715 1134 2828 ubelb]

148 2837 312 2894 Miltiadem
343 2842 497 2892 narninatnm
526 2857 541 2891 a
564 2841 677 2911 Pythia,
746 2837 885 2891 Irrideates
902 2835 1038 2906 respond]
1056 2837 1241 2909 Responsum

150 2917 179 2962 et
195 2894 276 2977 qua‘si
291 2918 421 2959 evocatum
432 2907 481 2970 (ut
493 2909 617 2962 Romani
631 2908 675 2962 lo·
712 2916 828 2960 estcum
840 2905 1022 2971 conditione,
1038 2904 1143 2968 sedec,
1160 2914 1241 2977 quae

149 2974 297 3048 quuntur)
319 2974 420 3039 suillo,
454 2994 528 3046 quae
554 2977 675 3030 circum.
709 2990 846 3042 perrrrum
864 2986 996 3042 naturam,
1013 2974 1134 3028 urrant.
1146 2972 1167 3027 l.
1182 2973 1239 3027 111.

148 3045 232 3115 loqui
256 3043 328 3095 alias
355 3053 383 3095 et
408 3041 583 3098 adumbrare
605 3045 676 3098 haec
712 3044 888 3110 santanae.
904 3042 927 3111 l.
945 3061 984 3114 19.
1002 3041 1050 3104 ait,
1071 3042 1241 3096 almitatem

148 3115 220 3168 talia
239 3111 376 3166 all'uess'et.
397 3111 479 3166 Rave.
504 3116 563 3167 Pro
581 3115 677 3182 Pythia
710 3113 798 3180 potest.
834 3113 899 3166 JCti
923 3109 1095 3180 imposstbilem
1118 3120 1240 3175 vocant,

148 3181 230 3235 Leid.
256 3180 356 3233 Philia.
597 3181 600 3185 “
712 3181 873 3252 codemque
889 3176 1238 3236 verbollerodctu'seam

159 3250 364 3317 'Imperatorem
385 3247 533 3320 sumerent]
586 3252 673 3324 elige.
711 3250 924 3320 interpretatur
945 3250 1054 3314 rulo.
1074 3248 1119 3301 Est
1139 3257 1240 3301 autem

148 3327 232 3381 rent,
255 3315 364 3387 libique
385 3319 591 3386 praeficerent.
627 3322 676 3380 Sic
711 3337 770 3372 non
788 3331 851 3384 para
872 3318 1025 3386 absolutaque
1042 3319 1167 3383 negatio,¹
1185 3314 1239 3370 sed

149 3386 259 3440 Cicero
283 3387 319 3441 ad
341 3385 469 3441 Atticum
494 3386 566 3440 dixit
577 3391 677 3453 sumere
712 3405 776 3439 cum
792 3384 923 3439 irrisione
939 3383 1079 3456 quadam,
1093 3394 1124 3437 ut
1139 3384 1239 3438 noller

36 3468 52 3498 f
144 3456 269 3519 jadicem·
289 3454 461 3509 etverrina
478 3457 504 3510 5.
525 3458 675 3520 sumerere-
710 3453 836 3521 iudicat,
864 3453 1027 3534 quidunlhll
1053 3450 1240 3524 ejus‘figniti.

149 3522 675 3665 ll'illllttlstllltdnlltttlzlt
711 3534 810 3644 llll
828 3517 1240 3660 lllllltt‘ltalssllttl?
1261 3624 1264 3631 .

147 3677 179 3713 ae
201 3658 335 3713 bellarent:
365 3678 434 3730 quem
455 3660 579 3727 judicem
599 3682 675 3718 sum.
711 3659 757 3713 nis
781 3670 856 3713 sunt.
880 3658 925 3711 Est
949 3674 1019 3730 ergo
1038 3657 1099 3725 ejus
1119 3655 1240 3730 gemti·

147 3738 290 3801 pserunt,
306 3732 349 3797 qui
356 3746 394 3780 eos
404 3733 431 3782 in
441 3731 558 3796 posterum
567 3731 676 3852 diffulit.
713 3727 829 3792 ironia,
849 3744 924 3798 quae
941 3744 975 3780 ex
991 3729 1029 3778 rei
1043 3732 1141 3777 nattrra'
1151 3723 1237 3778 intel·

112 3820 115 3829 =
182 3791 323 3848 Miltiades
353 3814 376 3848 e.
405 3797 448 3864 ὼ]
480 3799 520 3852 ita
544 3802 586 3855 Co
610 3839 617 3854 .
641 3801 674 3852 P.
711 3795 917 3868 agitantem.
945 3813 1013 3849 vtu.
1032 3796 1058 3850 6·
1079 3791 1161 3847 thre.
1178 3795 1239 3847 Pro

148 3865 224 3918 Dan.
239 3864 317 3921 [Gn.
333 3864 423 3918 Axen.
436 3867 513 3928 Ult.]
534 3866 673 3923 sechid.
711 3865 844 3917 irridentes
852 3861 1129 3919 Voll.B.1'nridentes.
1162 3861 1235 3920 [bx.
1254 3908 1263 3921 ,

73 3971 77 3979 ,
149 3932 290 3987 Miltiades
307 3935 415 3986 dilectus
434 3953 457 3988 c.
476 3936 500 3987 d.
711 3934 852 3986 irridentes.
866 3933 1039 3986 Thottlanus
1053 3932 1189 3990 ridentem]
1213 3928 1219 3939 ¹

121 4021 126 4035 ·
155 4018 160 4027 ·
188 3996 284 4068 Olaffe]
309 4003 372 4055 Hoc
395 3998 425 4053 in
452 4002 586 4057 adverbii
612 4020 674 4075 cpe·
745 4002 779 4054 Id
794 4003 824 4064 se
839 3997 974 4071 facturos]
997 4000 1080 4053 Leid.
1103 4000 1237 4064 idfaelu·

38 4134 42 4139 ῃ
70 4092 76 4106 ·
143 4067 226 4127 ,ciem
246 4069 385 4144 ponitur,
397 4086 459 4205 pro
471 4088 504 4123 eo
521 4070 601 4142 quod
622 4090 675 4127 nos
710 4090 757 4124 ras.
779 4071 847 4133 etse
869 4070 962 4123 abella
984 4069 1086 4139 potest.
1105 4069 1139 4121 lic
1159 4068 1190 4120 ed
1212 4076 1235 4118 te

151 4134 294 4207 dicimus,
312 4146 341 4206 lu
365 4137 395 4199 Ε·
424 4134 476 4206 lfft.
500 4141 549 4193 sie
577 4140 675 4212 paullo
709 4133 1235 4207 venerantiam,antromacttoccl.

150 4205 229 4278 pot:
254 4224 310 4263 cam
330 4209 461 4264 ille-dama
475 4210 583 4265 navibus
598 4211 675 4279 profi·
711 4208 743 4264 in
764 4206 897 4264 Taenia.
919 4226 947 4278 9.
970 4224 999 4261 v.
1021 4206 1048 4264 l.
1068 4209 1118 4262 Fr.
1140 4204 1236 4263 Grau.
