2594 4644
57 252 60 257 '
155 221 789 366 4ἰι’τιιιΕιιιιειοοιιιερ
829 214 1229 346 siremps-17?
1291 240 1293 251 ’

54 400 1149 436 mmm

508 691 617 758 aar.
647 693 708 754 rx.
738 652 742 658 ’
805 719 807 722 <

140 871 239 946 Scio,
261 872 440 956 plerosque
460 874 506 937 ita
535 876 730 960 scripsisse,
774 869 1024 954 Themistoclem
1045 871 1158 932 Xerxe
1182 892 1197 930 1

56 991 219 1062 regnante
256 978 300 1038 ‘in
343 978 455 1040 Asiam
487 965 669 1044 transisse.
742 979 810 1043 Sed
852 1000 914 1062 ego
953 977 1161 1062 potissimum

56 1070 244 1165 Thucydidi
281 1084 408 1160 credo,
468 1087 558 1172 quod
594 1102 699 1167 aetate
734 1080 903 1173 proximus
940 1082 1037 1158 erat,
1103 1074 1160 1167 qui

75 1314 120 1400 (p.
135 1318 210 1384 ιιι.)
233 1314 421 1390 Plerosque]
440 1316 593 1392 Ephorum
627 1319 699 1373 mihi
726 1317 871 1372 veriffima
893 1316 1060 1389 scriptura,
1095 1310 1173 1365 cum¹

61 1384 195 1448 scilieet,
216 1387 378 1450 Dinonens,
400 1385 591 1452 Clitarchum,
629 1386 750 1441 infinitis
775 1386 850 1440 locis
872 1384 1111 1458 provocahulum
1130 1398 1161 1434 o-

59 1453 264 1518 Htraclidem,
300 1455 374 1508 alios
398 1473 435 1509 ue
462 1456 592 1525 complu.
628 1459 724 1510 mittat
740 1457 858 1528 Nepos,
886 1464 919 1505 ut
935 1453 1094 1506 Lambinus
1117 1449 1163 1501 di·-

59 1539 108 1578 ree
129 1522 295 1576 'Plutarcho
324 1471 469 1579 laudatos.
520 1527 593 1581 Cum
628 1525 649 1576 li
672 1536 755 1579 enter
770 1522 895 1576 monuit.
910 1517 1165 1576 Gebhardus.Sic

60 1591 171 1662 quibus
187 1601 216 1644 et
231 1589 358 1645 Diodor.
375 1593 492 1649 Siculus
511 1614 547 1647 ιι.
559 1609 593 1645 ac
629 1543 718 1648 ebes.
729 1596 804 1646 Dan.
823 1589 1076 1663 legendum-pute.
1088 1587 1179 1644 Vel-²
1213 1654 1219 1666 „
1238 1639 1240 1644 .

17 1722 20 1727 ⁸
58 1659 150 1733 Epist.
171 1656 442 1728 19.,Thcmiltoelis
469 1662 591 1714 faciunt.
650 1663 720 1716 cest
736 1660 907 1733 proximus,
926 1662 976 1731 qui
993 1657 1040 1716 illa
1059 1665 1080 1711 t.
1093 1657 1124 1711 h.
1134 1675 1168 1726 r,
1245 1692 1248 1697 «

59 1729 185 1805 Rosius.
218 1732 220 1740 “
473 1742 476 1758 ²
629 1679 703 1784 dura
718 1728 874 1786 admodum
896 1729 1004 1802 ellipsi.
1045 1726 1161 1807 Salsop·

108 1796 139 1851 Τ
139 1795 348 1853 leemistaclem
381 1799 489 1854 Xerxe
522 1817 592 1872 reg·
618 1799 837 1874 ,piuseerisina
857 1817 881 1861 1,
901 1815 944 1853 ao.
966 1799 1161 1851 eBavarieos

58 1872 158 1922 nante
198 1866 231 1933 in
275 1867 383 1922 Asiam
417 1869 568 1922 transisse
576 1869 592 1933 ,l
629 1870 679 1941 qrti
697 1867 797 1924 aetate
815 1867 976 1938 proximus
997 1866 1035 1920 ab
1052 1863 1172 1936 lu'sqni

52 1935 321 1992 'membranaceum
347 1946 444 1989 matun
460 1935 593 1989 codicem
629 1945 684 1992 etc.
710 1935 838 1990 Ernstius
864 1952 880 1987 e
907 1954 981 1989 suo:
1009 1932 1089 2007 quod
1111 1951 1161 1988 ae·
1257 1948 1259 1953 '
1286 1944 1288 1949 '

55 2002 166 2059 melius
180 2003 278 2074 legere
293 2003 439 2058 arbitror:
470 2002 592 2059 Themi·
628 2012 692 2062 tate
705 2006 867 2079 proximus
885 2004 923 2059 ab
942 2003 991 2057 lu's
1009 2008 1095 2066 erat,
1112 2003 1164 2074 qui

55 2068 188 2128 stactem
203 2070 395 2128 adXerrem
409 2092 441 2127 re
466 2079 593 2128 nantem
628 2082 684 2130 ete.
724 2074 860 2129 schottus
882 2071 1010 2144 denique
1034 2076 1055 2124 ‘e
1078 2071 1162 2123 Men-

55 2141 95 2200 in
112 2139 220 2195 Asiam
237 2143 419 2199 transiisse.-
441 2090 592 2215 {quemo-
629 2143 772 2197 doziano:
787 2143 950 2216 proximus
962 2147 1031 2197 erat
1045 2140 1097 2206 iis,
1111 2139 1164 2213 qui

58 2208 100 2264 do
119 2208 328 2282 etSchoppius
348 2211 479 2265 Verifim.
499 2231 523 2274 1,
547 2229 591 2264 ιο.
629 2220 685 2269 etc.
716 2213 799 2291 Quae
816 2211 959 2264 lectiones
976 2225 1185 2273 ornncscen,v
1282 2237 1286 2253 ι

27 2286 31 2291 ’
58 2277 149 2341 elib.
170 2287 230 2338 yet.
249 2277 435 2346 emendavit)
460 2281 500 2333 ita
516 2279 593 2331 enim
622 2282 721 2336 ‘textui
746 2290 922 2353 repugnant.
957 2278 1059 2352 Neque
1083 2277 1163 2331 enim

60 2346 103 2400 est·
118 2362 136 2398 a
158 2343 199 2399 ud
211 2345 378 2401 Diodorum
391 2347 532 2401 Siculum.
544 2348 594 2402 Sic
629 2351 697 2404 idco
714 2348 875 2419 Thucydidi
896 2347 1070 2422 potiffimum
1099 2363 1164 2399 cra·.

56 2365 164 2537 paulli)
186 2415 249 2485 post
272 2415 345 2469 dicit
369 2416 526 2471 Cornelius
540 2435 593 2469 no·
620 2417 801 2493 'dereseait
817 2420 934 2490 Nepos,
963 2415 1045 2501 quod
1060 2414 1161 2486 proxi·

82 2501 135 2538 er:
164 2483 206 2538 ad
228 2482 434 2541 Artaxerxem
459 2503 527 2540 eum
548 2504 593 2539 ee·
629 2506 693 2540 murs
720 2495 815 2543 aetate
840 2487 931 2540 luserit
955 2483 1163 2542 historicorum

58 2555 156 2609 uisse.
194 2557 303 2608 Verum
328 2552 433 2607 Xerxis
456 2564 485 2606 ct
507 2554 592 2606 Arta·
631 2555 708 2620 illis,
727 2555 778 2626 qtri
796 2555 978 2610 resinarum
992 2563 1161 2622 temporum
1205 2568 1207 2575 ·

26 2626 31 2637 ’
59 2621 160 2674 xerxis
189 2620 343 2674 nominum
379 2620 458 2693 apud
492 2622 593 2676 Persas
630 2634 874 2688 comsosuerant,
916 2623 967 2677 sed
989 2623 1070 2696 qrtod
1095 2621 1162 2693 ipse

59 2689 244 2762 permutatio
268 2690 501 2815 Chmmlogliam
523 2693 593 2745 Per·
629 2702 678 2746 vet
708 2691 925 2751 tillimus'inter
946 2710 1015 2755 eos,
1033 2699 1161 2745 estern-

60 2774 161 2811 sarum
179 2776 237 2810 non
258 2774 364 2830 parum
381 2771 430 2815 tur
454 2769 492 2812 et.
527 2760 594 2814 Dis»
628 2761 754 2832 poribus
771 2761 830 2815 illis
846 2761 1009 2833 proximus.
1037 2762 1110 2814 Nam
1124 2760 1162 2811 E.

60 2843 180 2891 sensum
192 2835 324 2880 veterum
334 2827 540 2897 historicorum
550 2847 595 2882 su·
628 2828 759 2901 pharus,
780 2829 896 2893 Dinon,
917 2828 1094 2892 Clitarchus,
1102 2829 1161 2880 lle-

83 2910 120 2947 er
141 2893 195 2946 hac
219 2911 252 2947 re
273 2895 446 2954 Plutarchus
474 2913 593 2968 quoque
629 2895 772 2961 raclides,
793 2897 963 2961 Diodorus,
996 2898 1160 2969 ceterique,

59 2959 176 3022 mdicat
204 2963 407 3023 Themistocle
436 2983 505 3040 pag.
533 2967 592 3020 1253
629 2965 679 3037 qui
689 2966 1010 3020 ThemistoclemXerxe
1019 2975 1163 3038 regnante

59 3046 152 3110 quem
169 3031 288 3087 Aeetius
300 3033 337 3086 ad
353 3034 515 3104 Thucydid.
525 3051 593 3086 eon·
629 3037 659 3088 in
674 3033 764 3090 Aliam
777 3036 919 3101 transiiffe
930 3035 1085 3108 scripsere,
1099 3049 1162 3087 orn-

61 3098 285 3158 eiliareliudet.
321 3102 371 3156 Ait
388 3105 467 3157 enim
488 3099 525 3156 ad
539 3101 593 3154 Ar·
629 3121 680 3157 nes
701 3114 796 3157 aetate
810 3106 902 3157 multo
919 3103 1099 3177 posteriores
1114 3101 1159 3156 fu·

61 3182 212 3226 taxer-rem
224 3170 349 3237 venille,
364 3173 419 3244 ¹qui
437 3180 593 3241 cumpetre
630 3189 690 3226 erc.
711 3171 1158 3244 Thucydidesa.Olympmxxvr.

60 3251 136 3301 tum,
155 3238 346 3310 post'cladem
361 3240 392 3292 in
407 3241 532 3294 Graecia
547 3256 593 3291 ae·
629 3259 706 3294 anno
730 3240 876 3304 seeundo,
901 3242 957 3295 hoc
981 3242 1019 3294 eli
1040 3239 1160 3311 qtradri·

62 3316 196 3376 ceptam,
219 3309 594 3381 Rempub.gellerit.Ern-
629 3309 717 3361 ennio
735 3319 801 3362 ante
826 3310 944 3374 exilitun
958 3309 1160 3363 Themistoclis
1239 3354 1243 3374 ,

61 3379 154 3433 stitte-
192 3375 321 3432 Consule
334 3379 370 3430 cl.
391 3379 541 3432 Dukerusn
558 3375 595 3430 ad
628 3377 796 3430 natussuit.
833 3379 903 3435 rid.
931 3380 1012 3437 Voss.
1038 3378 1076 3435 tle
1103 3377 1159 3432 Hi·
1250 3402 1258 3422 ·

61 3444 196 3514 Thucyd.
225 3446 290 3499 Lib.
316 3465 339 3498 1.
366 3453 432 3520 cap.
452 3448 510 3513 137.
538 3447 591 3500 lin.
629 3452 700 3500 ster.
719 3446 825 3502 Graec.
844 3467 867 3512 1,
890 3468 914 3501 1.
933 3455 964 3502 'et
976 3454 1003 3518 4.
1042 3446 1161 3504 Deliis
1260 3464 1262 3468 ·

62 3521 108 3585 4⁹·
128 3516 186 3568 Ms.
208 3515 301 3568 Oxou.
328 3514 524 3573 Themistoel.
545 3512 595 3583 ¹‹ul
630 3514 721 3586 igitur
736 3515 802 3573 cast:¹
815 3515 893 3568 inter
907 3517 982 3583 bos,
1003 3535 1036 3570 ex
1050 3517 1106 3578 his,
1126 3525 1162 3570 ut

66 3585 208 3640 Xerxem
223 3589 408 3658 regnantem
433 3584 466 3643 in
486 3585 594 3640 Asiam
629 3597 719 3656 supra
735 3601 799 3655 cap.
816 3588 844 3652 4,
862 3584 900 3640 iix
924 3584 1069 3641 destruis
1084 3584 1161 3649 suis,

63 3653 197 3709 misisse.
323 3696 328 3702 a
629 3651 1074 3728 quemfialiet'fidelissimum.
1102 3655 1158 3707 Cu-

110 3719 202 3795 Quod
225 3728 326 3778 aetate
370 3724 508 3778 reximus
528 3729 595 3778 erat
628 3726 673 3792 jus
697 3721 869 3794 fignificatus
893 3723 1082 3793 ignoratione
1097 3722 1158 3775 sac-

65 3788 187 3859 detis]
210 3791 322 3845 Exilis.
365 3789 596 3864 od.lege,quod
629 3800 806 3864 cumputo,
835 3801 867 3844 ut
888 3792 1054 3845 tam'varie
1075 3793 1160 3846 locus

66 3868 169 3918 aetate
194 3862 353 3930 proximus
378 3861 416 3917 ab
440 3863 490 3918 his
516 3868 592 3916 erat.
628 3861 677 3913 hic
702 3877 718 3912 a
749 3859 881 3913 librariis
914 3859 1157 3934 interpolaretur.

66 3930 206 3985 Ernltius.
244 3929 317 3983 Cod.
333 3934 365 3984 P.
386 3932 508 3984 Daniel:
534 3933 593 3986 aei.
629 3929 749 3983 Rosius.
775 3928 942 3983 Proximus
956 3928 1158 3985 eratiisVoss'.

67 4017 154 4072 prex.
180 3995 232 4054 de‘
249 3998 298 4053 tis
321 4000 380 4071 qui.
426 4001 594 4072 Schoppius
629 3999 841 4070 A.proximus
861 4005 890 4054 et
912 3984 1009 4082 isqui
1032 3999 1159 4076 &Heu-

67 4084 155 4139 prox.
174 4067 213 4122 ab
230 4067 355 4138 hirqui.
393 4069 594 4123 Schottusve·
629 4067 757 4139 [ingerus
782 4067 813 4118 in
838 4077 946 4120 textum
966 4085 1024 4138 Jarn
1044 4074 1162 4135 recepit

68 4153 103 4191 ro
127 4134 209 4190 addit
228 4135 264 4190 de
288 4139 344 4192 Ms.
369 4156 421 4193 suo
437 4139 596 4210 protimus
629 4138 791 4209 proximus
811 4135 849 4192 ele
867 4137 923 4192 «iis.
969 4137 1080 4190 Contra
1102 4136 1157 4188 La·

54 4210 134 4288 'erat
158 4205 212 4265 iis.
264 4209 377 4290 Verum
410 4207 530 4285 vulgata
559 4206 597 4262 eit
630 4206 776 4264 tinitatem
786 4224 849 4266 uon
860 4198 990 4282 insurgo,
1007 4199 1160 4281 nequeat·
