2594 4644
168 279 226 358 178
350 275 691 385 ,collusum
741 273 1012 336 NEPO'I'lS

166 479 234 534 setis
251 476 357 531 vetusta
375 476 518 548 scriptura
534 492 550 527 e
565 476 688 548 regione
723 473 791 527 dum
817 472 877 528 no'n
899 474 1137 538 est,ll1uretum,
1165 463 1249 545 q'uic-

165 546 271 600 horum
286 545 463 610 verborum,
481 541 586 600 eodem
602 551 690 615 patre
723 541 1165 615 quidcontradicatllutgerlius,
1185 559 1250 595 rec-

167 623 284 677 netas,
312 623 443 667 notatum
463 613 534 674 elle,
567 620 690 684 utroque
723 621 751 663 te
769 611 804 664 de
817 629 922 665 vocum
938 610 1165 678 conjunctione,
1192 610 1250 666 So·

166 690 292 766 parente
305 686 404 736 natal.
442 679 571 759 Quodsi
591 683 689 752 Nepos
724 697 823 735 rorem
839 698 1023 753 germanam
1038 697 1138 743 suam,
1156 680 1251 734 ambi·

166 760 207 805 tta
218 749 388 822 scripserit,
407 750 603 819 proclamaret
612 747 689 820 quis·
724 763 804 818 gere.
843 750 887 804 Ab
906 750 1056 803 Arabihus
1076 759 1161 820 atque
1180 751 1253 802 Per·

165 812 270 892 quain,
289 834 351 871 rem
370 820 424 871 elle
444 818 563 877 salvam,
587 826 615 869 et
629 815 688 868 Au·
724 821 756 870 lis
773 818 850 872 hune
873 836 985 871 morem
1003 817 1084 870 luill'e
1108 817 1252 872 observa·

164 898 260 941 torem
274 886 400 938 nostrum
419 885 522 938 frullra
537 884 689 954 obiurgari
724 896 802 950 tum,
828 897 860 953 ut
883 905 943 940 non
964 887 1058 940 solum
1079 885 1252 950 sororibus,

163 955 227 1029 post
243 954 317 1008 alios
334 971 350 1006 a
368 953 491 1017 Meurfio
506 953 572 1005 viro
593 950 688 1005 crudi·
725 952 775 1007 sed
791 956 932 1009 matribus
942 956 1027 1007 etiam
1042 954 1253 1020 miscerentur,

164 1024 267 1078 tillimo
282 1039 347 1095 cap.
363 1041 424 1076 xv1.
443 1023 476 1076 in
492 1019 615 1079 Solone·
634 1021 688 1073 Ne·
725 1023 907 1087 eStrabone,
929 1025 1019 1077 Clem.
1037 1020 1255 1084 Alexandrino,

164 1104 221 1164 que
232 1101 328 1145 tamen
346 1091 407 1145 sine
424 1106 528 1142 errore
541 1087 582 1140 ita
599 1088 688 1160 scrip·
725 1100 753 1142 et
774 1088 936 1144 Bardelane
958 1091 1114 1154 discimus,
1139 1089 1254 1161 quibus

165 1162 257 1216 sillet:
278 1176 343 1212 eum
355 1175 496 1228 nusquam
510 1157 688 1228 reperiatur,
724 1156 887 1212 addendum
897 1161 934 1212 ell
949 1159 1049 1212 eudem
1066 1159 1102 1212 ‹le
1117 1174 1151 1211 re
1167 1175 1253 1230 egre·

165 1228 242 1303 apud
267 1225 455 1280 Athenienses
480 1225 588 1279 licuilre
610 1225 688 1276 loro·
724 1227 803 1298 gium
829 1228 1020 1280 testimonium
1054 1223 1253 1294 Theodoreti,

165 1315 229 1353 rem
251 1310 434 1369 germanam,
468 1310 573 1367 nempe
587 1290 689 1345 ecdem
726 1295 775 1364 qui
784 1296 924 1349 Libram.
938 1297 1160 1364 θεραπευτικιῖι
1178 1296 1254 1349 scri-

164 1376 248 1441 patre
279 1360 436 1436 eademque
466 1373 558 1416 matre
582 1370 688 1424 natam,
723 1364 778 1426 hit,
798 1365 1086 1428 l'erheasnationcs,
1103 1364 1254 1436 quaejam

164 1450 286 1488 uxorem
301 1430 419 1484 ducere.
442 1428 500 1486 Sed
516 1429 689 1484 Solonislex
734 1431 839 1484 ›ridem
866 1433 994 1486 Zaradae
1025 1433 1142 1505 legibus
1166 1449 1253 1505 rege.

164 1499 354 1577 permittebat
380 1516 546 1573 germanam
568 1513 688 1551 consen·
723 1452 848 1564 liantur,
878 1513 1018 1565 matrum,
1044 1517 1199 1564 sororum,
1218 1500 1251 1551 fi.

166 1569 319 1644 guineam,
341 1565 444 1630 idest,
463 1584 596 1620 sororem
617 1562 688 1626 ὁμο·
723 1569 829 1623 liarum
847 1570 1002 1623 connubiis
1026 1584 1132 1641 susque
1154 1567 1251 1640 deque

166 1638 295 1706 πάτριον
311 1634 497 1688 matrimonio
514 1651 688 1688 secumcon-
724 1639 892 1692 commixtas
916 1639 981 1692 effe,
1019 1635 1090 1690 Inde
1119 1634 1251 1698 credam,

166 1706 304 1776 iungere,
331 1721 391 1756 non
413 1711 508 1756 autem
533 1703 688 1764 uterinam,
723 1706 969 1760 l'latoncmsuam
987 1703 1250 1778 baulilleimpieta·

165 1773 370 1841 ὁμομητρίαν,
396 1770 486 1825 multo
509 1772 603 1823 minus
626 1786 688 1838 ger·
726 1784 799 1835 tem,
817 1786 850 1829 ut
866 1775 932 1828 Lib.
946 1795 975 1827 v.
997 1771 1155 1847 Derepub.
1174 1770 1250 1837 eius·

166 1858 290 1894 menam.
344 1857 410 1893 uam
419 1841 513 1909 legem
528 1837 689 1892 citatPhilo
724 1839 802 1895 modi
819 1843 969 1915 improbas
984 1861 1017 1894 ae
1033 1836 1249 1908 leras‘conjun·

166 1904 690 1977 audaeusL1h‚neptva5vdva‹‚ocpo-
726 1909 838 1965 ctiones
865 1908 1090 1964 commendaret.
1126 1911 1173 1963 De
1193 1909 1249 1962 Ae·

164 1975 688 2046 privavevei'oezuduovcirodopdvp.
726 1978 892 2060 gyptiorum
915 1979 1048 2032 moribus
1076 1979 1130 2030 hec
1161 1975 1192 2028 in
1215 1993 1249 2029 re

165 2063 233 2119 pag.
250 2049 310 2102 oon.
339 2047 390 2100 uhi
406 2047 525 2099 Latinus
544 2044 690 2119 interpres
725 2049 793 2100 vide
827 2045 990 2100 Diodorum
1026 2045 1178 2107 Siculum,
1213 2043 1249 2097 dc

165 2118 241 2170 male
264 2130 335 2187 pro,
346 2112 491 2188 germanis
519 2109 691 2186 consangui-
727 2113 897 2179 Chaldaeis,
923 2130 1083 2186 corumque
1100 2111 1192 2185 impia
1209 2114 1250 2166 le·

34 2198 37 2203 ·
85 2245 87 2249 ,
164 2184 229 2240 neis
253 2182 402 2238 transtulit
420 2179 550 2236 uterinis
569 2195 690 2252 germe-
726 2199 760 2255 ge
777 2181 965 2236 Theodorum
976 2181 1175 2246 Metoehitam,
1185 2181 1247 2234 vul,

166 2251 227 2307 uis.
253 2252 276 2302 E
298 2249 437 2322 quoloeo
453 2247 578 2318 aliisque
594 2266 611 2300 a
627 2252 690 2302 Mu·
726 2270 763 2324 go
780 2252 898 2322 Glycam
915 2257 1001 2324 parte
1020 2267 1059 2304 ιι.
1081 2246 1193 2304 Annol.
1214 2267 1245 2320 p.

166 2330 232 2374 reto
252 2317 319 2372 Lib.
344 2336 392 2372 xv.
426 2321 499 2374 Var.
516 2317 596 2369 Leet.
616 2335 641 2370 e.
662 2317 688 2370 5.
721 2322 785 2390 198.
823 2317 882 2374 Sed
901 2318 1083 2390 unde,quis
1104 2332 1248 2389 quaerere

168 2396 197 2439 et
218 2389 295 2442 Sam.
322 2385 419 2440 Petito
442 2384 538 2439 citatis
564 2385 629 2438 Lib.
646 2403 690 2438 vr.
726 2386 769 2460 (p.
782 2389 862 2454 166.)
882 2387 984 2460 pellit,
1004 2385 1083 2459 quod
1097 2401 1248 2458 germanas

167 2455 213 2508 Ti.
231 2475 254 2507 1.
276 2456 323 2513 De
341 2453 401 2526 leg.
420 2455 472 2508 Art
497 2454 628 2506 Cornelii
640 2471 690 2504 no·
726 2456 952 2527 consanguineas
969 2473 1029 2509 non
1045 2465 1141 2507 autem
1158 2452 1248 2505 uteri·

167 2522 215 2575 stri
235 2522 328 2590 nodus
344 2525 410 2585 hic,
428 2532 460 2575 ut
474 2519 631 2575 Lambinus
646 2520 690 2574 lo·
726 2541 777 2578 nas
798 2523 916 2577 licuerit
933 2523 1151 2576 Atheniensibus
1174 2520 1249 2573 acci-

167 2592 289 2662 quitur,
326 2588 562 2662 inexplicabilis,
602 2606 635 2640 ex
657 2589 690 2641 li·
748 2607 797 2644 ere
813 2591 941 2645 uxores?
971 2595 1052 2645 Duae
1066 2592 1251 2644 Graecorum

167 2659 276 2712 candus
290 2659 337 2724 est,
357 2670 384 2713 et
394 2657 512 2730 quidem
520 2656 576 2708 hoc
584 2607 671 2711 modo
683 2676 690 2708 τ
725 2610 799 2731 legis
811 2660 941 2712 rationes
953 2657 1036 2712 reddi
1049 2659 1175 2731 pellunt.
1185 2656 1250 2710 Pri·

167 2725 387 2783 Athenicnlibus
420 2725 530 2779 licuille
557 2742 691 2779 sororem
725 2745 771 2780 ma
791 2727 845 2789 cll,
865 2728 934 2799 quia
952 2728 983 2780 in
998 2725 1124 2780 vitandis
1139 2725 1251 2797 nuptiis

169 2811 333 2878 germanam
357 2793 461 2849 eodem
479 2802 564 2866 patre
584 2804 692 2856 natam,
725 2805 887 2849 maternum
921 2813 1030 2866 genus,
1073 2803 1105 2847 ut
1130 2795 1250 2857 certius,

168 2863 200 2917 td
214 2864 261 2927 est,
278 2881 441 2941 germanam
452 2861 691 2933 consanguineam
725 2863 816 2936 magis
843 2864 880 2917 sit
898 2860 1112 2917 attendendum.
1149 2862 1251 2915 Altera

44 2938 47 2945 '
93 2960 95 2966 ,
167 2949 290 2985 uxorem
315 2931 433 2985 ducere.
475 2927 624 2994 Ejusmodi
643 2947 690 2982 au·
726 2929 1077 3005 aepotiorellevidetur,
1115 2928 1252 2983 uodcum

168 3009 226 3052 tem
241 3017 374 3053 sororem
389 3017 405 3051 a
419 3001 532 3070 Nepote
547 2998 690 3071 appellari
727 3004 943 3056 Deuteronom.
961 3018 1032 3052 1111.
1048 3002 1075 3053 6.
1095 2950 1197 3054 lrater
1216 3016 1250 3050 ιι.

169 3084 336 3150 germanam
356 3065 517 3120 verisimile
540 3069 594 3130 est,
623 3066 691 3137 quia
726 3070 838 3123 terinus
855 3079 983 3141 ponatur
1001 3079 1033 3120 ut
1052 3066 1250 3136 conjunctior,

169 3135 247 3191 iufra
265 3135 447 3188 Timoleonte
466 3150 530 3203 cap.
545 3140 603 3201 ι.4.
614 3151 689 3198 eam,
727 3154 849 3207 eumque
864 3153 976 3189 morem
993 3137 1121 3190 Hebraei
1140 3135 1252 3188 luerint

169 3220 244 3278 quae
259 3203 330 3257 alias
348 3219 483 3274 germana
503 3202 621 3264 dicitur,
640 3221 690 3256 vo·
727 3208 830 3268 secuti,
848 3204 890 3257 uti
905 3205 985 3268 lecit,
1005 3205 1158 3259 secundum
1174 3201 1253 3256 Rab-

94 3287 97 3293 ’
169 3282 217 3326 eat
233 3291 367 3327 sororem
382 3290 421 3325 ex
436 3268 545 3330 iisdem
560 3272 692 3344 parenti·
725 3272 814 3328 binos
839 3272 997 3345 plerosque
1015 3274 1250 3336 ,1·Abrahamus,

171 3339 225 3396 bus
241 3347 359 3395 natam.
378 3339 614 3403 Cvrillustamen
625 3340 691 3393 Lib.
727 3344 777 3414 qui
794 3343 896 3398 Seram
917 3345 1030 3396 Therae
1046 3342 1136 3395 filiam
1154 3357 1189 3394 ex
1211 3338 1251 3391 al·

169 3429 216 3464 vr.
247 3416 353 3464 eontra
374 3405 531 3462 lulianum
552 3410 691 3479 imperat.
727 3421 789 3464 tera
813 3412 957 3465 uxorein
989 3411 1178 3464 matrimonio
1201 3407 1251 3459 ha·

170 3477 350 3531 connubium
363 3477 420 3530 hoc
439 3493 504 3529 eum
525 3477 626 3530 sorore
645 3493 692 3529 eo·
726 3479 818 3532 buille
838 3476 984 3542 creditur,
1004 3475 1186 3533 consuetudo
1200 3474 1253 3531 illa

169 3543 236 3598 dem
252 3555 337 3618 patre
358 3542 515 3614 eademque
536 3555 627 3598 matre
645 3561 693 3596 na·
728 3565 782 3620 per
804 3547 989 3610 Phoenices,
1017 3549 1125 3620 quibus
1150 3545 1188 3599 ab
1214 3540 1252 3596 A·

168 3613 693 3676 taellehabitumexistimat:Cimon,
729 3615 815 3668 chille
843 3614 929 3669 Tatio
952 3616 1018 3670 Lib.
1044 3635 1068 3668 1.
1097 3614 1252 3674 tribuitur,

168 3681 283 3754 inquit,
302 3679 475 3752 Elpinicen,
494 3681 598 3737 eodem
608 3680 684 3736 semi
728 3684 844 3736 venerit
866 3682 902 3734 ad
934 3683 1136 3738 Athenienses.
1180 3682 1254 3736 Sunt

169 3768 209 3806 ne
234 3756 263 3806 et
287 3751 442 3823 sanguine
463 3757 563 3807 ortam
586 3768 640 3821 pro
664 3766 695 3801 u·
727 3760 825 3803 tannen
840 3751 908 3815 alii,
938 3751 1018 3825 quod
1038 3753 1159 3807 Grotius
1178 3766 1251 3823 quo-

169 3837 245 3874 xore
264 3816 389 3876 babuit:
419 3828 448 3877 et
471 3820 584 3874 Persas
602 3819 695 3891 ipsos,
728 3836 786 3892 que
804 3820 934 3885 notavit,
967 3822 1017 3892 qui
1044 3821 1176 3886 eenlent,
1201 3818 1252 3874 sa·

169 3886 302 3943 immoet
317 3888 416 3961 ipsum
430 3905 581 3943 summum
595 3887 694 3942 Iouem
728 3904 933 3941 ramsororem
943 3887 1000 3942 dici
1012 3903 1094 3942 more
1101 3890 1252 3949 Hebraeo,

169 3954 334 4020 imitatus,
369 3955 473 4012 eodem
500 3973 567 4009 cum
592 3973 695 4010 sorore
729 3973 794 4008 eum
811 3972 870 4007 non
888 3957 980 4011 fuerit
1001 3956 1123 4027 ἀδελφή
1140 3956 1193 4012 sed
1219 3957 1251 4008 al

170 4018 237 4079 toro
253 4041 324 4080 usus
348 4031 398 4079 est.
435 4027 546 4095 Nempe
568 4041 632 4076 cum
645 4024 693 4076 Ju-
728 4021 876 4093 ὀελφιὸύ,
897 4023 927 4076 id
946 4027 998 4091 est,
1018 4025 1126 4080 fratris·
1136 4026 1208 4090 lilia,
1224 4034 1254 4077 et

157 4108 269 4154 ‚none,
297 4109 362 4145 cum
382 4110 439 4164 qua
458 4094 574 4166 Jupiter
589 4089 693 4144 eodem
727 4109 788 4145 non
804 4091 964 4164 patruelis,
982 4103 1014 4148 ut
1029 4095 1115 4162 Valla
1132 4096 1251 4151 etEras·

19 4210 33 4219 .
60 4220 78 4239 Ι,
165 4169 260 4235 partu
276 4159 385 4217 dicitur
398 4159 503 4226 editus.
522 4156 694 4232 Sednegan·
727 4177 790 4216 mus
805 4170 954 4234 putarunt.
992 4165 1073 4244 Quos
1090 4162 1252 4219 eonomine
