2594 4644
130 303 170 364 28
356 300 660 366 CORNELII
700 300 997 365 NEPOTIS'

132 504 257 600 Quibus
274 505 372 566 reh'ns
388 502 501 578 fiebat,
523 517 558 564 ut
578 522 643 563 non
658 503 763 564 minus
780 526 893 567 eorum
907 508 1070 569 voluntate
1085 518 1207 590 perpe-

131 615 188 662 tuo
204 602 375 693 imperium
391 602 570 673 obtineret,
593 600 649 684 qui
664 602 830 674 miserant,
847 625 940 687 qnam
955 606 1110 693 illorum,
1135 622 1207 663 cum

91 699 250 782 aquibus
267 713 344 761 -erat
365 699 543 783 profectus.
581 690 801 761 lChersoneso
824 702 878 761 tali
902 702 998 762 modo
1022 697 1205 772 constituta,

132 798 290 857 Lemnum
311 795 506 864 revertitur,
536 809 569 856 et
592 814 632 855 ex
646 808 747 877 ,pacto
771 795 988 878 postulat,‘nt
1009 795 1066 859 lihi
1090 795 1205 857 urbem

132 892 269 954 tradant.
291 893 435 955 lllienim
444 891 608 964 dixerant,
627 913 740 975 quum,
757 896 1065 958 ventohorandomo
1072 892 1209 977 profec-¹

93 1004 203 1068 5tue,
247 1012 287 1053 eo
301 990 512 1075 perveniffet,
555 1009 628 1051 sese
652 989 836 1052 dediturosz
886 1012 922 1053 se
945 1005 1051 1055 autem
1073 990 1202 1052 domum

135 1085 327 1149 Chersoneli
348 1087 479 1149 habere.
524 1089 641 1158 Cares,
666 1085 721 1168 qui
743 1099 811 1146 tum
831 1091 987 1151 Lemnum
1008 1090 1205 1162 incolebant,

135 1184 198 1245 etsi
213 1200 345 1268 praeter
360 1187 546 1271 opinionem
560 1205 613 1245 res
630 1183 800 1256 ceciderat,
823 1199 928 1247 tamen
943 1208 1009 1253 non
1024 1186 1124 1260 dicto,
1147 1184 1206 1247 sed

137 1282 278 1343 secunda
304 1284 435 1345 fortuna
464 1280 723 1345 adversariorum
744 1281 847 1365 capti,
885 1281 1025 1346 refistere
1056 1282 1120 1345 auli
1141 1278 1208 1344 non

136 1394 228 1453 sunt,
251 1395 345 1465 atque
370 1401 409 1441 ex
432 1379 536 1441 insula
559 1378 789 1461 demigrarunt.
818 1380 895 1439 Pari
910 1380 1065 1444 felicitate
1082 1395 1208 1443 ceteras

135 1477 276 1551 insulas,
300 1499 380 1561 quae
398 1476 550 1559 Cyclades
565 1474 788 1551 nominantur,
819 1476 877 1539 suh
893 1477 1141 1541 Atheniensium
1155 1498 1207 1539 re-

133 1573 225 1663 degit
243 1572 438 1657 potestatem.

134 1704 177 1758 tia
194 1705 360 1770 ventitaret,
376 1701 400 1755 si
417 1700 499 1756 daret
514 1703 654 1777 Choragi·
689 1702 726 1756 ri.
743 1707 887 1761 Versatur
902 1708 1004 1780 utique
1014 1708 1119 1775 ‚animo
1136 1704 1209 1759 mihi

136 1791 196 1836 nm,
207 1774 230 1827 si
243 1774 273 1826 ln
283 1773 455 1828 concionem
464 1769 610 1844 prodiret,
627 1783 656 1825 et
689 1790 748 1826 non
758 1775 893 1828 abfimilis
903 1775 964 1840 ejus
972 1777 1054 1831 vocis
1063 1793 1143 1839 usus,
1158 1772 1209 1827 nili

137 1838 173 1895 de
188 1843 263 1915 Rep.
280 1839 653 1911 consuleretinpuhlienm.
689 1840 769 1910 qnod
786 1843 817 1895 in
832 1840 1208 1915 praesenti'nonsucenrrit.

136 1913 267 1975 Privata,
287 1910 342 1964 live
353 1911 520 1973 nmiliarin,
536 1926 609 1981 qnae
627 1919 656 1962 et
690 1908 966 1976 estasiasmeno,
983 1911 1089 1965 utalii
1107 1910 1209 1965 obser·
1235 1952 1239 1963 .

135 1988 223 2033 niutan
231 1989 260 2031 et
274 1979 413 2031 eommunia
421 1974 567 2042 dicuntur,
583 1977 654 2031 liar-
690 1987 767 2032 vent.
793 1981 872 2032 Rave.
1077 2014 1095 2033 t

135 2046 216 2100 bites·
224 2057 335 2121 captus,
357 2046 381 2100 si
398 2043 501 2097 adelrat
510 2044 540 2097 in
549 2047 655 2099 amieo·
716 2047 823 2099 Domum
837 2042 989 2114 Cherssrnest]
1006 2044 1136 2102 Consule
1145 2046 1209 2101 Cel.

137 2134 204 2168 rum
236 2115 377 2188 periculis
408 2112 591 2166 fortunarum
622 2130 654 2166 ac
688 2115 825 2174 Perizon.
843 2113 880 2168 ad
896 2116 1006 2171 Sanctii
1015 2115 1143 2170 Minerv.
1153 2114 1209 2173 lib,

136 2184 295 2257 praecipuo
318 2180 589 2255 eapitisetsamae,
621 2181 656 2234 ad
689 2193 716 2256 4.
745 2201 809 2258 cap.
827 2187 854 2239 6.
870 2202 900 2237 n.
917 2185 945 2240 3.

138 2252 295 2324 sponsalia,
305 2251 451 2322 exequias,
463 2260 493 2301 ut
503 2250 655 2302 Tertullia-
720 2249 824 2320 dmm]
849 2253 911 2305 Imo
925 2252 1049 2325 Pelasgi,
1075 2262 1108 2305 ut
1121 2249 1219 2317 tradit

138 2319 535 2389 nnsalicnbiinterpretatur.
550 2316 658 2370 Eadem
691 2320 859 2377 Herodotus
874 2320 929 2374 lih.
945 2340 988 2375 vr.
1008 2320 1163 2393 nonlonge
1173 2312 1211 2373 ab

139 2405 208 2441 sane
222 2397 325 2441 auctnr
342 2390 436 2442 noller
450 2386 481 2438 in
496 2385 657 2439 Atticooh-
693 2390 963 2445 extrcm0.anbin.
985 2386 1066 2442 Adde
1083 2386 1212 2441 Zenobi.
1246 2386 1249 2399 '

139 2458 276 2510 servavit.
295 2476 324 2509 v.
337 2459 379 2521 25,
391 2460 459 2577 pl}-
480 2455 591 2506 Rarius.
693 2477 752 2512 usn.
771 2460 852 2512 Cent.
869 2458 896 2513 3.
913 2457 1056 2529 proverb.
1074 2456 1209 2513 num-86.

174 2523 328 2592 constitura]
346 2528 388 2579 Co
411 2504 659 2590 .P.Dan.[Gu.]
696 2525 789 2594 Rosius.
822 2527 881 2579 Pro
907 2537 977 2579 t'nres
995 2526 1028 2578 C.
1045 2526 1164 2578 P.Dan.
1182 2534 1212 2578 et

140 2603 168 2645 ct
182 2591 265 2647 Leid.
282 2594 423 2659 constituto.
441 2591 509 2644 item
525 2590 603 2646 voff.
621 2589 656 2643 A.
693 2600 720 2650 V
721 2596 770 2648 off.
781 2597 814 2646 Β.
827 2596 924 2647 Chares.
935 2592 1028 2662 [cod.
1039 2593 1095 2647 Gu.
1110 2594 1216 2661 t’tarn,

139 2662 172 2715 (l.
190 2664 249 2715 Pro
267 2666 335 2715 boras
349 2662 429 2717 Vols.
446 2662 482 2712 Β.
501 2665 593 2711 norrea.
693 2662 828 2717 Ed.Ultr.
851 2663 941 2727 Cares,
969 2660 1044 2713 etin
1060 2660 1210 2733 margine:

185 2730 228 2781 Ex
253 2727 342 2800 pacto]
373 2729 453 2784 Nihil
473 2725 656 2780 mutandum:
690 2732 829 2784 Herodotus
851 2731 878 2783 in
894 2728 1115 2796 mararenses
1133 2735 1213 2787 vocat

62 2858 66 2867 Ι
138 2815 204 2848 nam
212 2796 291 2869 quod
301 2817 333 2851 ex
343 2810 401 2852 vot.
412 2794 658 2867 codiceprcducit
692 2801 782 2854 Lemni
793 2800 896 2852 incolas.
907 2796 920 2866 ]

139 2864 242 2938 (pao.)
259 2868 432 2921 Schottusex
446 2868 597 2931 condurata,
615 2861 656 2914 in·
721 2868 825 2920 Praeter
832 2882 870 2936 op.
885 2884 923 2919 res
932 2862 1072 2933 ceciderat]
1086 2865 1108 2918 i.
1119 2881 1145 2918 e,
1156 2875 1213 2917 eve.

138 2943 395 3003 terpretamentusn
414 2952 551 3008 agnosco.
575 2930 656 2986 Cice·
693 2946 771 2990 iterat.
787 2934 1211 3008 Permetaphoramatalorum

137 3018 174 3055 ro
184 3003 296 3057 Attico:
311 3006 459 3074 Pomponius
475 3005 540 3053 enim
553 3007 659 3068 expecto
692 3006 769 3072 jactu
785 3003 883 3058 desum
906 3015 973 3057 tam.
999 3023 1027 3055 v.
1045 3004 1157 3055 Manut.
1175 2998 1211 3053 ad

134 3080 164 3127 et,
175 3071 374 3136 conterminorum
385 3093 412 3125 en
420 3074 470 3138 lege
480 3068 585 3134 exierat)
602 3071 659 3131 jnm
694 3075 756 3127 Cic,
766 3072 819 3127 lib,
833 3094 856 3126 ι,
867 3023 904 3126 asi
912 3076 992 3125 Fam.
1000 3073 1054 3142 Ep.
1063 3087 1090 3139 7.
1099 3090 1119 3143 p
1127 3070 1172 3137 43.
1182 3079 1213 3122 et

137 3157 152 3191 a
166 3156 203 3192 me
218 3136 365 3209 dissederat.
385 3138 566 3195 Gebhardus.
692 3142 838 3195 Brouchh.
855 3141 891 3195 ad
899 3140 1008 3196 Tibull.
1026 3138 1079 3195 lib.
1092 3158 1117 3192 1.
1128 3138 1173 3191 El.
1182 3153 1210 3204 7.

106 3240 109 3247 ι
168 3205 276 3275 Urbem]
309 3208 403 3263 Urbes
428 3219 489 3261 tum
504 3207 534 3259 in
547 3207 657 3258 Lemno
692 3231 736 3265 vs,
754 3230 797 3277 91·

157 3273 657 3348 raecipuaeerant,dly1·inactEphe-
720 3282 781 3334 Non
795 3275 880 3344 dr'cto]
895 3278 968 3330 Tum
979 3275 1152 3348 ‹puiapactio
1169 3289 1212 3327 se·

135 3294 211 3408 dias,
224 3345 304 3398 velut
318 3357 421 3403 auctor
437 3342 596 3400 Suidasell.
619 3342 655 3395 U·
693 3350 737 3402 ria
754 3365 814 3400 non
829 3346 938 3410 suiffet,
970 3355 1049 3408 tum,
1077 3341 1158 3416 quod
1175 3340 1212 3397 de

135 3424 211 3467 tram
240 3414 417 3478 ostulaverit,
436 3413 542 3466 ncl'cio.
559 3408 655 3466 tideo
691 3415 832 3471 Miltiadis
851 3412 937 3467 donno
954 3413 1021 3477 ilia,
1047 3421 1212 3482 quamtum

136 3430 272 3554 equislim
302 3493 392 3536 totam
427 3481 508 3535 suillo
535 3479 657 3553 petitam
691 3485 907 3546 {sabastianum
924 3479 1214 3554 quamarmispostea

135 3551 278 3615 insulam,
296 3562 468 3623 veteresque
479 3547 656 3603 sofforesde-
692 3551 860 3626 quaedamst,
878 3547 1103 3624 spopondiffent.
1127 3547 1210 3601 Ram.

136 3620 385 3691 migrall'eomnrs.
404 3620 588 3690 Interpretor
604 3617 656 3687 igi.
738 3623 787 3674 Sat
804 3620 943 3688 potestatem
961 3606 1074 3682 redegit]
1099 3614 1212 3669 Eodem

136 3696 194 3752 tur,
217 3690 294 3741 Urbis
317 3688 514 3760 appellatione
543 3686 657 3748 Insulam
693 3689 892 3760 modopaullo
908 3687 1042 3759 superius
1051 3685 1086 3737 de
1100 3684 1211 3737 Lemno

135 3755 249 3820 venire,
266 3759 658 3830 quiamari,tan‹p1ammoe.
692 3760 881 3832 loquebatur.
905 3754 1060 3810 Pausania:
1084 3751 1122 3802 Et
1137 3757 1213 3820 Spar,

134 3824 223 3878 nibus
233 3826 337 3888 clausa,
357 3827 432 3878 Urbis
444 3827 554 3888 firmam
565 3832 656 3895 gerat·
694 3838 746 3881 tam
759 3836 783 3879 et
801 3835 920 3883 caeteram
939 3825 1068 3879 Graeciam
1081 3821 1125 3869 sub
1141 3829 1213 3871 sunm

137 3893 385 3971 Quemadmodum
405 3895 482 3947 enim
497 3903 526 3944 et
542 3889 656 3956 domos,
689 3897 830 3968 potestatem
845 3894 1020 3955 redacturum„
1034 3892 1135 3960 Neque
1154 3885 1213 3941 dis·

113 3961 487 4035 'minimaspartcsurhis,
504 3976 656 4032 qnaeeon-
691 3965 757 4039 pari
780 3965 875 4018 forma
894 3962 1058 4016 Timotheo.
1083 3966 1142 4010 core
1172 3972 1213 4009 nm

137 4029 233 4102 signas
241 4041 385 4091 nonaum,
396 4031 496 4093 Insulas
505 4029 658 4083 nominare
686 4038 735 4100 fist
751 4035 881 4103 imperinm
900 4027 1078 4094 Atheninfinm
1102 4045 1128 4081 re
1146 4026 1210 4092 agit.

137 4099 265 4174 placuit3
285 4100 325 4151 ita
334 4096 461 4163 videtur,
470 4097 658 4170 metaphorae
693 4105 797 4159 Florus
814 4102 867 4155 lih.
880 4119 903 4154 1.
914 4116 977 4171 cap.
987 4117 1012 4166 9.
1024 4100 1057 4150 F.
1077 4096 1213 4150 Proximis

137 4165 261 4241 quadam
269 4167 608 4239 reciprocatione,totam
616 4167 658 4219 in·
691 4175 791 4243 quisque
799 4175 917 4231 correptis
926 4177 1001 4218 totam
1012 4167 1120 4219 Italiam
1129 4163 1179 4225 sub
1182 4162 1213 4226 se

138 4237 240 4297 sulam,
249 4234 337 4295 Urbis
345 4233 658 4312 appellationelmllca·
692 4233 1217 4308 redigeret.Gethcidredigitdpade-)
