2594 4644
198 275 276 342 xv.
307 229 782 349 ‚arumnensis
827 278 994 377 cmm.
1076 280 1168 383 pq.

29 448 264 569 temporibus
280 486 451 570 sapienter
473 497 584 559 utens,
626 480 751 564 peritus
773 482 870 558 belli,
914 482 1011 546 fortis
1033 505 1138 559 manu,

56 592 168 653 animo
203 593 364 671 maxim03
414 589 494 653 adeo
528 578 674 650 veritatis
712 589 877 673 diligens,
919 604 955 652 ut
990 611 1032 653 ne
1049 662 1051 667 ¹
1066 590 1140 672 joco

58 698 194 784 quidem
221 700 424 759 mentiretur.
467 697 556 759 Idem
584 695 769 770 continens,
808 697 968 770 clemens,
997 698 1180 782 petiens-2
1257 690 1259 696 ’

32 825 126 889 φο
155 800 375 867 admirandum
409 803 443 864 in
478 802 638 877 modum.
667 823 733 864 non
771 804 874 864 solum
907 804 1038 887 populi,
1082 803 1142 865 sed

10 910 12 943 ³
59 912 159 991 etiam
186 915 362 974 amicorum
389 909 501 972 serens
530 909 664 992 injurias
672 928 682 985 3
725 908 940 992 inprimisque
970 912 1142 977 commissa

10 1031 36 1093 .-
61 1020 188 1093 eelans‚
232 1018 319 1103 quod
346 1000 509 1080 interdum
536 1036 603 1077 non
625 991 746 1077 minui
764 1015 925 1099 prodest,
969 1038 1063 1101 quam
1088 1016 1141 1079 di·
1169 999 1176 1037 ¹

10 1098 17 1153 l
60 1139 151 1189 serte
180 1123 292 1186 dicere
301 1145 311 1203 3
355 1122 518 1192 studiosus
547 1098 716 1183 audiendi:
760 1143 800 1185 ex
833 1120 896 1191 hoc
932 1125 1018 1205 enim
1049 1125 1142 1201 iacil-

10 1198 21 1289 'l
59 1230 139 1292 lime
168 1229 251 1292 disci
279 1228 502 1298 arbitrabatur.
544 1225 654 1312 ltaque
684 1249 781 1313 quum
801 1229 836 1290 in
856 1231 1013 1293 circulum
1032 1231 1182 1293 venis-,3
1238 1220 1241 1227 ¹

10 1307 23 1430 ἶ
61 1351 131 1411 set,
182 1337 217 1398 iu
252 1358 316 1421 quo
353 1349 406 1396 aut
442 1334 482 1395 de
519 1334 687 1417 republica
723 1336 966 1420 disputaretur,
1010 1353 1074 1400 aut·
1100 1339 1142 1399 de

10 1464 24 1499 s
58 1442 275 1532 philosophiav
298 1463 404 1507 sermo
432 1440 624 1516 haberetur,
665 1462 837 1529 numquam
858 1443 934 1504 inde
961 1445 1062 1527 prius
1076 1446 1141 1506 dis-

10 1534 180 1635 ieeasim
244 1571 337 1634 quam
398 1547 439 1609 ad
500 1545 596 1613 finem
658 1569 774 1650 sermo&
826 1563 914 1612 esset
975 1549 1140 1611 adductus.

1053 1741 1058 1765 l

56 1784 96 1840 in
114 1786 191 1838 orat.
208 1779 245 1837 de
256 1784 368 1855 regno.¹
380 1782 522 1837 Postridie
530 1799 584 1854 pu·
618 1777 700 1834 Leid.
720 1798 758 1835 m.
776 1780 918 1856 inprimis
935 1799 1044 1837 comm.
1067 1777 1143 1849 [Ax.

21 1868 25 1877 ·
57 1857 135 1925 gnae
149 1850 335 1914 Leuctricae,
355 1869 419 1903 cum
430 1862 495 1905 ante
506 1867 584 1904 sere·
619 1851 731 1905 mirum
745 1851 779 1906 in
799 1849 938 1914 modam,
957 1851 1142 1906 nonmiran·

55 1936 99 1974 na
114 1929 143 1972 et
165 1929 338 1992 exporrecta
360 1919 458 1973 fronte
482 1920 584 1974 solitus
620 1917 691 1972 dum
707 1919 728 1974 i.
745 1939 785 1973 m.
812 1920 886 1972 Tum
902 1923 975 1972 Dan.
997 1919 1082 1971 etiam
1097 1922 1146 1975 in·

56 1987 130 2042 effet
146 1987 176 2039 in
192 1987 343 2062 publicum
359 1987 498 2060 prodire,
518 1988 584 2041 sub·
618 1988 728 2061 primis
742 2007 850 2043 comat.
862 2006 887 2041 c.
901 1987 998 2040 omitia
1012 1984 1144 2059 copula]

55 2055 148 2110 tristis
174 2066 202 2108 et
220 2055 334 2108 humilis
355 2055 511 2127 processit.
539 2056 584 2108 In·
656 2054 818 2111 Studiosus
833 2053 994 2114 audiendi]
1019 2056 1145 2109 Exson-

29 2123 413 2196 'terrogantibusamicis.
440 2143 513 2179 num
534 2121 588 2180 uid
620 2123 773 2178 suetudine
798 2124 874 2178 enim
898 2124 1032 2188 dormire,
1075 2122 1148 2194 licet

53 2195 71 2250 i
94 2187 123 2246 si
136 2190 301 2253 ..adeersum
325 2189 501 2260 accidisset,
515 2141 584 2256 dite,
620 2192 676 2259 jam
691 2192 833 2257 cruditus,
852 2210 963 2254 morem
981 2187 1095 2246 tacendi
1112 2192 1144 2246 in

56 2209 168 2324 leitil,
187 2260 293 2332 inquit,
310 2259 363 2314 sed
375 2259 586 2318 herimesenst'
620 2259 1150 2344 disciplinaPythagoricareceptum*
1178 2284 1181 2292 ·

22 2332 31 2385 ,-“
56 2327 291 2400 unimofuisse,
317 2345 406 2400 quam
415 2333 532 2404 parsit,
542 2349 584 2385 so·
620 2329 749 2382 libenter
761 2330 913 2397 servabat3
934 2340 962 2383 et
973 2328 1090 2385 silentro
1101 2328 1143 2382 fa-

55 2394 172 2454 tutiore
186 2403 215 2453 et
229 2395 372 2462 laetiore,
390 2401 529 2469 quocirca
537 2399 586 2455 lte·
621 2397 676 2450 cile
695 2396 767 2451 disci
783 2398 1001 2452 arbitrabatur:
1024 2415 1090 2450 nam
1106 2396 1143 2450 si-

54 2468 157 2525 sterni
179 2464 292 2540 guadii
314 2466 585 2539 intemperantiam
619 2466 711 2519 lentio
731 2468 831 2539 parari
851 2466 1024 2538 sapientiam
1042 2467 1144 2536 Pytha-

34 2533 211 2591 ‘hodierna
226 2534 345 2607 castigo
359 2536 497 2590 tristitia.
509 2537 583 2590 Plut.
620 2535 715 2606 gorici
730 2544 922 2601 censuerunt3
942 2531 1066 2606 ideoque
1083 2552 1144 2587 non

54 2602 210 2677 Apoplttb.
228 2605 307 2655 Haec
325 2601 360 2656 de
381 2600 541 2672 modestiae
554 2620 584 2656 e·
619 2601 731 2663 minus,
751 2620 838 2675 quam
854 2602 1017 2665 biennium,
1031 2601 1143 2655 discen.
1242 2657 1246 2664 ¹

54 2672 105 2739 jus
123 2670 271 2743 exemplis.
290 2671 467 2727 Loceenius.
619 2680 667 2723 ter
680 2668 825 2724 attdiendo
839 2670 985 2723 tacebant.
1015 2672 1092 2741 Lege
1107 2669 1139 2726 A.

99 2737 295 2813 Temporibus
308 2742 461 2812 supienter
477 2738 584 2804 utens]
622 2735 752 2793 Gellium
782 2757 814 2800 ι,
840 2757 868 2807 9.
892 2733 1016 2813 Magius.
1051 2742 1143 2794 Immo

54 2810 185 2862 Versum
216 2807 280 2861 heic
308 2807 490 2879 imprudenti·
510 2807 586 2861 exci-
619 2807 755 2879 plerique
791 2805 1028 2879 'quinquennium
1071 2809 1144 2865 inte·
1192 2846 1197 2856 ,

57 2872 131 2928 ditio
155 2877 264 2947 Nepoti
286 2875 437 2931 adnotavit
462 2874 585 2932 Lambi-
621 2890 705 2947 grum
719 2874 853 2928 silebant.
890 2875 1007 2945 Deque
1025 2875 1143 2929 silentio

60 2960 133 2999 aus.
150 2945 266 2998 Rosius.
619 2942 683 3015 post
700 2944 774 2997 alios
788 2952 946 3005 accuratee
968 2942 1142 2997 itceleberr.

102 3011 243 3068 Veritatis
252 3010 309 3068 dili
333 3018 397 3073 ens]
407 3015 451 3066 De
462 3010 583 3066 Aristide
622 3007 795 3087 Sciteffertts
807 3011 903 3064 noster
918 2958 971 3066 tid.
985 3009 1145 3067 denatura

58 3081 156 3136 simile
181 3079 251 3150 quid
274 3029 367 3136 reden
386 3078 581 3135 Plutarchus.
600 3091 603 3101 ·
619 3078 1144 3153 etconstitut.philosophiaePytltu·

56 3148 129 3205 Bos.
171 3147 362 3222 EdLongol.
380 3148 583 3202 cumaliisan-
618 3167 686 3224 gor.
704 3160 823 3221 capta.
845 3146 1074 3204 Plutarchusia
1086 3145 1142 3202 So·

56 3217 256 3341 tiquioribust
280 3236 335 3273 aec
354 3213 427 3290 joco
451 3214 583 3289 quidem,
620 3222 697 3273 crat.
717 3218 810 3273 Genio
832 3217 890 3279 ait,
912 3215 1144 3288 Epaminondam

12 3314 19 3321 ·
58 3300 92 3340 se

56 3350 117 3410 Ul.

128 3304 166 3340 ne
173 3281 202 3361 j.
222 3303 249 3357 q.
272 3286 441 3339 etiamDan.
462 3285 515 3339 Ax.
527 3286 583 3340 Gn.
620 3285 702 3340 inille
720 3283 858 3352 ἅπληεον
872 3288 908 3338 ti
921 3283 1143 3347 stur-lavaverat

148 3147 162 3218 l

128 3349 141 3423 ]
503 3362 505 3364 ’
620 3354 809 3419 ἀκροᾶσθαι.
831 3352 941 3408 Bolius.
970 3352 1073 3422 [Mox.
1088 3352 1140 3406 Ax.

94 3424 164 3479 Non
178 3420 275 3477 solum
292 3419 408 3496 populi,
429 3419 585 3478 sedetiam
619 3423 703 3498 prius
714 3415 820 3490 inde]

13 3514 17 3523 ·
55 3488 583 3564 amicorumjerensinjurias]1.e-
637 3492 763 3617 qulrt.)
780 3485 829 3543 Aa
839 3487 941 3552 finem
956 3507 1054 3546 sermo
1067 3492 1144 3544 esset
1225 3501 1226 3507 ¹

39 3576 109 3627 ¹ves
123 3559 246 3628 injurias
262 3559 585 3622 silentioetcontemtu,
620 3580 638 3616 a
683 3553 783 3628 iactus]
800 3557 1143 3631 Lambinusputatrecti-

50 3644 163 3713 'graves
178 3645 237 3682 non
256 3627 362 3680 acerbe
378 3627 454 3679 ultus
469 3626 518 3694 est,
534 3626 584 3682 sed
619 3647 653 3684 us
667 3628 724 3703 legi
739 3624 916 3701 perductus:
947 3627 1026 3679 nulla
1043 3628 1143 3679 netes-

10 3698 13 3711 '
35 3694 256 3767 'turedtpulib
272 3692 365 3774 'Quod
389 3712 423 3747 ex
440 3696 583 3767 Pythago·
600 3742 601 3746 ,
620 3699 722 3760 sitate‚
742 3712 807 3748 etun
823 3693 909 3746 etiam
930 3694 1035 3751 Cicero
1049 3688 1143 3748 addat·

53 3780 109 3821 rae
128 3761 284 3835 disciplina
306 3761 434 3816 habuisse
455 3758 583 3830 videtur,
619 3783 685 3823 cere
708 3760 814 3818 dixerit
832 3779 889 3833 pro
927 3758 1067 3818 tralucere
1087 3761 1149 3816 lib.

54 3832 141 3900 cuius
164 3831 219 3884 hoe
241 3830 278 3885 est
299 3831 403 3885 scitum
419 3827 497 3900 apud
514 3829 584 3886 Sto·
619 3833 655 3888 de
670 3841 775 3888 senect.
814 3829 909 3886 Simili
927 3831 1036 3901 virtute
1057 3845 1143 3902 prae·

55 3894 185 3957 dacum:
201 3899 376 3976 Magnaest
384 3899 494 3973 peritia
508 3893 583 3956 aiio·
619 3896 695 3955 ditus
710 3898 766 3953 fuit
781 3900 946 3981 Diogenes,
964 3894 999 3973 de
1014 3916 1073 3971 quo
1089 3896 1144 3951 La.

52 3986 125 4024 mm
141 3966 227 4040 serre
248 3964 447 4040 imperitiam.
475 3965 583 4021 Looce-
620 3970 710 4023 ertius
728 3966 849 4031 scribit,
870 3966 959 4039 quod,
979 3984 1044 4019 cum
1060 3963 1143 4019 anti·
1220 3972 1223 3977 '

54 4038 133 4093 ttius.
158 4040 218 4090 Pro
235 4034 452 4091 admirandum
468 4035 502 4091 ia
519 4045 582 4092 ma·
618 4034 728 4092 sthenes
746 4052 812 4088 eum
827 4032 864 4089 ab
881 4034 1027 4089 auditorio
1041 4046 1145 4086 arcere

42 4101 131 4159 alum
148 4104 226 4159 Vot.
244 4106 279 4158 B.
303 4102 456 4159 aderitum
472 4106 505 4159 in
520 4124 582 4160 mo·
617 4105 717 4226 velleq
734 4100 928 4177 baculumque
939 4098 1144 4169 jamintendis·

54 4165 149 4240 dum,
167 4168 582 4248 etproinprimisquecomm.
616 4183 679 4240 set,
717 4172 820 4227 iteris:
849 4169 963 4239 Caede,
985 4163 1144 4251 nonenim
