2594 4644
319 250 748 372 summanus.
807 273 990 337 curav.
1152 274 1219 356 a,

142 392 1193 426 *ψῃ-Μ.

140 485 319 564 iuepodpo'nos
391 491 587 553 vocantur,
677 481 954 570 Lacedaemonem
1014 469 1234 561 miserunt,·4

138 599 164 646 ut
191 586 380 659 nuntiaret,
451 606 545 668 quam
606 586 708 659 celeri
770 608 851 670 opus
914 603 1001 650 esset
1057 574 1204 662 auxilio,

77 826 80 831 .
136 765 338 841 dippoceteros,
359 767 634 840 quiejusmodicur-
670 771 745 822 alter
759 787 774 822 e
789 769 942 823 Bavarieis
957 771 1066 844 legunt,
1085 770 1192 827 neovi-

135 853 197 893 toret
209 837 312 900 effent,
339 854 373 889 ae
390 834 440 901 (ut
456 834 492 889 de
508 837 563 891 hoe
579 841 634 892 He·
653 832 743 901 ‘de0,
762 857 815 891 oter
828 839 927 910 sperni
938 838 1055 906 debeat)
1066 837 1192 905 dictum,

78 907 84 923 '
135 904 233 960 rodotus
256 907 317 973 ait)
351 911 420 957 tuito
444 906 634 972 ὲμελέτησιιῢ,
668 918 701 959 ut
716 908 815 972 Demoe,
837 911 1002 977 Canephoroe,
1032 911 1192 974 Clerumenoe,

130 976 279 1045 ‘etttippidar
301 975 413 1039 dictos,
449 976 633 1046 quemadmo-
672 977 811 1044 Adelphor,
838 987 866 1030 et
885 977 1003 1041 similia,
1034 977 1192 1047 dequibus

134 1041 229 1100 dumah
245 1044 409 1125 Eumolpo,
429 1045 480 1115 qui
498 1043 634 1097 initiandi
670 1045 769 1097 Gifan.
791 1044 855 1098 Iud.
879 1047 996 1100 Lueret.
1022 1067 1051 1100 v.
1074 1050 1192 1110 Tractus,

133 1113 256 1167 rationeni
268 1112 399 1176 invenit,
421 1128 521 1166 omnes
529 1111 635 1165 deinde
669 1124 708 1166 et
720 1114 833 1168 Vollius
857 1111 892 1166 de
916 1114 979 1168 Art.
998 1126 1147 1187 grammat.
1164 1119 1192 1181 l,

76 1240 81 1249 ,
134 1181 279 1237 noudotes
317 1179 520 1252 mysteriorum
563 1180 633 1234 dicti
668 1182 821 1236 ulsotnu.
857 1180 950 1250 [Cod.
978 1184 1065 1237 Aren.
1091 1186 1194 1249 Philip-

74 1288 78 1295 ·
133 1249 480 1328 suntEumolpidoe.,Quam
495 1250 555 1316 ejus
565 1268 634 1303 oon·
668 1267 786 1320 pemque,
809 1255 914 1322 inquo
931 1250 1026 1325 neque
1037 1250 1191 1307 huieeodi-

132 1319 252 1374 'ormnem
267 1316 407 1383 adjuvare
430 1317 548 1372 videtur
567 1319 635 1372 Pol·
671 1319 696 1372 oi
714 1337 809 1392 neque
835 1321 900 1376 aliis
922 1323 988 1393 plus
1006 1319 1195 1373 tribuendum

88 1390 91 1399 '
138 1389 239 1453 ux,eui
255 1387 286 1438 in
302 1386 484 1441 Onomastieo
501 1388 528 1448 3,
550 1388 594 1450 30,
606 1388 632 1442 3.
670 1389 790 1453 censeo,
817 1408 903 1460 quam
928 1390 999 1442 alibi
1017 1391 1046 1442 in
1067 1388 1196 1441 nomini·
1290 1432 1295 1449 ,

63 1498 65 1505 .
129 1455 336 1530 Philippidesnon
344 1453 647 1539 personae,sed1nu-⁴
669 1458 724 1511 hus
740 1459 873 1529 propriis
888 1457 952 1511 lieri
971 1458 1051 1511 licet.
1083 1460 1193 1511 Corne-

63 1538 70 1555 ··
127 1527 192 1590 neris
206 1542 258 1581 seu
274 1522 482 1578 officiinomon
493 1533 546 1576 est.
562 1526 635 1577 Nam
669 1525 725 1580 lius
742 1525 836 1591 enim,
863 1526 1045 1580 Herodotum
1068 1526 1098 1578 in
1115 1524 1194 1578 omdi

126 1590 190 1648 inter
202 1591 336 1651 cursoria
349 1593 511 1657 voeabula,
531 1608 583 1645 seu
598 1591 635 1645 ad
668 1596 722 1647 hae
740 1596 909 1649 narratione
933 1593 1073 1667 sequens,
1102 1593 1195 1646 omni-

125 1680 225 1718 cursum
262 1661 430 1726 attinentia,
449 1661 557 1715 refert:
575 1661 633 1714 Kal
668 1682 718 1716 um
743 1662 863 1716 minime
885 1664 1033 1734 Philippum
1056 1662 1195 1734 seriplille

123 1681 289 1799 ethewaldus
308 1729 356 1794 ὑὲ,
386 1729 501 1802 inquit,
525 1728 632 1799 eipepo-
668 1731 797 1785 videtur.
833 1734 936 1787 Utrum
965 1731 1134 1801 Philippidem
1157 1747 1196 1781 an

121 1800 231 1868 ὁρόιιοι.
251 1799 370 1855 Pellime
386 1799 548 1872 interpres,
572 1800 635 1852 l'hi-
670 1797 847 1868 Philippidem
856 1801 1111 1873 autorscripserit,
1130 1816 1196 1850 rum

120 1870 217 1938 lippider
229 1886 306 1930 vero,
328 1870 393 1921 Tota
408 1868 447 1918 die
464 1880 578 1931 crereens,
596 1867 635 1919 di·
668 1870 814 1922 Herodoti
831 1870 902 1922 libri
926 1866 1083 1932 fluctuent,
1111 1865 1195 1919 dubi-

116 1941 168 1990 xit:
189 1954 222 1990 ae
238 1937 261 1991 si
276 1934 474 2019 Philippidem
483 1936 635 2005 Comieum
667 1947 733 1991 tare
749 1938 856 2010 aliquis
873 1939 966 2010 poffit.
986 1937 1059 1990 Mihi
1077 1930 1197 2008 quidem

116 2006 444 2070 eavoeousumftuffo,
471 2005 576 2059 Pollux
592 2003 633 2056 di·
669 2008 847 2076 Philippidem
870 2025 936 2059 emn
965 2006 1007 2059 ibi
1032 2015 1093 2057 tum
1114 2002 1196 2073 'apud

115 2084 202 2132 teret.
238 2073 387 2130 Debebat:
416 2074 454 2127 Et
468 2060 633 2142 Philippides,
670 2077 842 2131 Cornelium
864 2072 1092 2148 praeferendum
1115 2071 1194 2125 vide-

74 2196 78 2207 .
113 2145 176 2198 idem
190 2144 253 2214 quod
273 2146 472 2200 hemerodromos.
510 2143 587 2199 Nam.
604 2141 634 2194 id
669 2154 726 2200 tur.
745 2147 859 2212 Moscho.
896 2148 1009 2199 Vocem
1034 2142 1199 2211 Hemerodro,

111 2212 186 2266 velle
201 2212 360 2277 Pollucem,
385 2210 564 2265 manifestum
578 2221 632 2276 est,
669 2224 721 2266 moe
735 2215 848 2288 graecis
865 2212 959 2265 literis
978 2210 1197 2284 erpeimendam'

138 2279 199 2334 uod
221 2299 247 2334 a.
273 2280 349 2335 idem
371 2281 420 2335 vir
436 2279 549 2333 clariss.
567 2279 633 2333 Phi.
670 2283 740 2348 effe⁷⁴
760 2284 840 2339 Idem
864 2281 1006 2334 veriffime
1022 2289 1138 2343 m0net,
1155 2276 1195 2329 id.

107 2355 224 2424 lsppum
240 2349 337 2416 illtnn,
365 2346 474 2421 primum
487 2349 636 2400 hemerodro-
670 2370 727 2424 que
738 2353 794 2420 jam
823 2353 853 2405 in
884 2351 959 2404 Ultr.
994 2347 1063 2402 edit.
1089 2347 1197 2400 factum

110 2416 177 2476 mum
194 2417 327 2489 adimple,
364 2429 389 2471 et
414 2420 477 2470 hune
501 2419 634 2470 tumultum
671 2431 723 2474 est.
778 2424 834 2475 Gu.
864 2413 1077 2483 hemerodromoe]
1109 2413 1196 2469 Codi-

108 2495 162 2558 ejus
174 2491 286 2542 muneris
299 2486 443 2553 instituendi
451 2488 549 2550 causum
559 2488 636 2540 Athe·
671 2506 736 2550 eum
758 2488 845 2542 fidem
869 2498 984 2541 secutus
1008 2483 1198 2555 hemerodromoe

106 2555 336 2627 niensthusdediffe,
357 2554 461 2620 eredit,
481 2554 634 2617 idnescio,
671 2558 802 2631 reposui.
841 2557 893 2628 sio
914 2555 1027 2608 Plinius
1056 2554 1122 2607 Lib.
1150 2570 1194 2603 vr.

106 2649 146 2685 an
168 2624 314 2681 Herodoti
340 2644 373 2678 ae
398 2623 521 2697 Nepotis
547 2623 636 2677 nostri
672 2643 735 2700 cap.
753 2629 797 2690 30,
816 2643 884 2697 pag.
900 2626 960 2692 347.
988 2623 1018 2674 od
1040 2623 1197 2674 Occidentem

104 2698 214 2771 ῥήσεις
232 2692 393 2749 admittant.
411 2695 483 2746 Nam
500 2703 636 2764 uterque,
671 2697 758 2759 versus
789 2697 892 2761 Nigroe
923 2691 973 2744 ubi
1002 2710 1032 2743 ιι.
1056 2688 1147 2742 Hard.
1167 2697 1198 2740 et

106 2779 142 2822 ut
155 2782 221 2820 rem
234 2764 377 2833 jam‘ante
400 2761 521 2815 Athenis
534 2778 636 2836 recep·
672 2775 733 2817 not.
749 2765 821 2837 poli.
839 2772 867 2814 et
882 2761 956 2813 hane
973 2758 1150 2831 scripturam
1159 2755 1196 2810 ab

106 2847 171 2890 tam
196 2843 225 2886 et
251 2833 403 2898 usitatam,
436 2831 638 2885 Hemerodromos
672 2831 738 2905 ipso
754 2829 1052 2902 auctoreprofeetam
1069 2826 1170 2881 credo.

107 2911 266 2958 memma·
301 2901 390 2968 B⁰st¹⁶¹
499 2970 502 2978 .
715 2924 903 2983 Hemerodromi
914 2919 925 2989 ]
945 2922 965 2975 S
989 2921 1153 2975 eeulatores
1168 2924 1198 2974 e-'

151 2991 389 3064 Philippidemque]
422 2994 505 3048 Leid.
535 2994 638 3062 Philip-
671 3005 757 3058 rant,
777 3004 806 3046 et
822 2991 934 3046 nuncii.
963 2941 1038 3048 dane
1055 2990 1199 3063 Philippi-

102 3078 228 3134 pemque,
265 3063 307 3117 sie
326 3075 358 3116 et
377 3065 446 3118 Mss.
472 3066 567 3119 Oxou.
586 3061 637 3130 [et
672 3060 949 3115 denillumllerod.
966 3059 1083 3128 κήρυκα
1098 3069 1210 3112 vocat..

104 3134 186 3189 Uter.
203 3130 255 3187 ned
272 3133 328 3186 Gu.
346 3129 575 3200 Phydippumque.]
592 3134 636 3183 De
671 3130 743 3183 Inde
764 3143 793 3184 et
815 3129 1037 3199 ὁροιιοιιύριιιιει
1058 3126 1197 3210 appellati

104 3201 405 3325 ἔξέξῖῧῗᾞῗΐὲἶ·
421 3199 636 3327 dissidii
671 3199 827 3321 iiiiii*
843 3195 1199 3334 ,tiltttttltttthz

102 3290 488 3414 ntcPlndlppilespl'anii
528 3338 638 3390 cultum
671 3287 889 3405 eirrepodpdlioi.
932 3334 1032 3406 Livius
1062 3334 1082 3386 l.
1116 3351 1195 3386 xxxr.

102 3407 237 3464 Athenas
270 3410 392 3464 induxit.
403 3428 431 3466 v.
443 3408 590 3463 Clement.‘
600 3403 637 3457 A·
673 3423 737 3476 cap.
753 3425 832 3459 mv.
871 3399 1055 3472 Respondillet‚
1074 3402 1103 3474 ni
1116 3417 1198 3470 specu-

101 3476 165 3531 lex.
174 3482 353 3553 protreptie.
364 3496 430 3552 pag.
441 3481 483 3534 28.
494 3494 549 3548 per
558 3475 636 3529 srnu-
672 3475 737 3525 lotor
752 3474 973 3539 (Hemerodronios
991 3473 1082 3524 Graeci
1090 3480 1197 3533 vocent,

102 3547 194 3610 dem,
214 3557 247 3600 ut
262 3548 357 3602 eredit
372 3550 409 3601 cl.
426 3543 636 3603 Valckenarius
673 3546 759 3609 ingens
773 3543 812 3595 die
828 3561 876 3594 uno
898 3543 1127 3604 eursuemetientes
1136 3540 1200 3608 spa.

102 3615 145 3670 ed
172 3616 318 3672 Herodoti
342 3619 362 3670 l.
389 3617 410 3671 l.
448 3635 527 3670 num.
559 3615 637 3669 18.u
672 3614 759 3678 tium)
782 3613 958 3679 contemplatus
970 3611 1067 3674 regium
1084 3625 1198 3675 agmone
1283 3678 1286 3683 ,

102 3683 243 3739 Miltiade
262 3687 471 3758 excogitatam,
485 3685 533 3758 qui
550 3685 638 3757 plura
666 3681 690 3744 s
685 3683 770 3750 peculo
785 3680 904 3747 piendam,
924 3671 1058 3747 progreffus
1073 3686 1200 3730 noeteme-

103 3755 152 3807 ihi
170 3754 206 3806 de
219 3756 307 3809 Panis
323 3757 419 3819 cultu,
440 3755 485 3807 cui
504 3769 585 3808 sacra
595 3753 635 3805 fa·
671 3751 731 3809 dio,
764 3748 872 3800 Athenas
901 3745 1060 3816 perveniffe't.
1093 3743 1198 3818 ¹Appu-

91 3838 178 3876 ·eere
193 3822 274 3885 hello
290 3824 407 3878 Medico
425 3821 553 3877 secundo
569 3823 635 3875 Ari·
670 3820 744 3887 lejus
759 3817 794 3870 de
809 3815 919 3870 Mundo
935 3814 947 3877 (
956 3830 1023 3890 pag.
1037 3815 1109 3882 124.)
1128 3817 1197 3870 diur-

102 3889 194 3946 stides
211 3893 475 3965 quoquessraeulo
490 3891 635 3963 Delphico
671 3902 713 3940 nos
721 3887 858 3948 excursores
866 3885 1087 3956 interpretatur.
1106 3885 1197 3937 Grae·
1241 3896 1245 3905 ·

101 3960 294 4026 juffussuit„
316 3980 345 4015 v.
378 3961 455 4014 Plut.
493 3961 523 4013 in
548 3950 634 4013 arist.
653 3975 704 4036 (ea
722 3955 849 4037 in‘libro
866 3953 901 4035 de
918 3955 1048 4016 Mundo,
1067 3951 1117 4035 quui
1131 3952 1197 4006 dri·

103 4033 350 4153 Padhrdehddromil
371 4095 647 4160 Hemerodromoessio„
670 4026 762 4149 ldddlll
784 4021 1199 4161 tilllllddhllprilldlgdd’uddliolld-

64 4218 67 4223 .
106 4167 190 4221 euim
212 4167 316 4241 optimi
339 4166 411 4222 libri
435 4166 496 4222 Gis.
513 4169 588 4221 Dan.
608 4173 638 4244 ep
671 4167 736 4233 nol,
754 4167 806 4218 nal
820 4160 1062 4232 ἀγγελιαφόροι,
1079 4157 1198 4228 καὶφύ-
