2594 4644
313 366 315 381 Ι
429 294 922 400 TESTIMONIA.k
1147 323 1198 384 Ἰω

67 493 76 528 i
129 501 223 571 relatae:
244 535 327 595 neqzte
352 536 440 576 tornea
457 516 486 574 hi
504 515 648 575 admodum
659 515 728 593 fiam
745 513 824 573 multi
835 505 893 593 u).
936 514 1073 574 Externi
1094 514 1195 599 impe·

67 597 78 634 *
126 623 243 692 tutores,
267 641 349 704 quos
369 621 544 693 hahemus,
569 620 701 681 Aemilii
729 622 792 684 elie
815 612 960 681 Prohia
984 620 1093 680 multis
1123 641 1194 682 ere·
1260 624 1274 638 “

67 705 77 742 *
123 714 229 785 duntur.
273 726 339 820 Qui
367 748 463 790 error
487 725 564 789 inde
588 727 759 811 provenit,
784 724 872 810 quod
888 726 1025 786 librario
1043 726 1078 786 id
1092 725 1194 788 fuerit

67 815 71 847 ¹
115 844 233 904 nomen,
266 835 321 917 qui
348 836 429 897 ritas
457 856 530 909 eas,
565 835 685 919 partim
711 856 786 906 sua,
820 826 1067 917 partim‘rnatris
1089 848 1122 895 et
1142 835 1193 897 ari

111 953 192 998 manu
208 939 343 1024 scriptas
352 967 364 1015 v,
387 940 569 1003 Theodolio
589 941 717 1047 phtnlit.
760 939 897 1001 Hoc'ita
918 939 1001 1013 elie,
1025 939 1193 1004 ostendunt

108 1043 243 1106 reriiouli
253 1089 267 1118 „
286 1048 342 1130 qui
360 1048 436 1110 vitis
456 1046 522 1108 istis
545 1047 711 1131 praemitti
726 1048 760 1107 in
779 1047 876 1107 MSS.
896 1044 1013 1106 solent.
1056 1048 1104 1108 Ao
1128 1048 1191 1110 neo
1251 1103 1253 1106 Α

102 1150 288 1226 Aemilium,
313 1144 374 1215 nec
399 1153 613 1216 Theodohani
639 1153 711 1214 aeri
728 1150 954 1237 ⁸quemquam,
989 1173 1104 1212 eorum
1125 1155 1189 1214 elie

100 1256 257 1318 librorum
278 1275 463 1335 auctorem,
485 1261 612 1322 abunde
638 1260 750 1343 arguit¹
768 1278 849 1342 pura
860 1254 900 1318 'et
916 1261 1060 1319 Romana
1076 1258 1188 1321 diotio.

97 1347 260 1447 opinetur
276 1367 411 1450 aliquis,
434 1381 468 1428 ut
485 1348 613 1452 Trogus
630 1367 668 1428 ab
687 1363 828 1438 tustino,
851 1365 895 1424 ita
912 1364 950 1424 ah
966 1366 1119 1456 Aemilio,
1134 1367 1189 1451 qui
1266 1408 1273 1417 s

125 1561 235 1635 Operis
253 1562 445 1634 inscriptione
464 1562 499 1616 de
516 1559 688 1620 illustribus
710 1567 849 1639 cujusque
872 1566 990 1637 generis
1002 1565 1077 1620 viris
1097 1585 1186 1640 expo.

124 1646 197 1684 nere
214 1648 247 1685 se
268 1633 361 1696 velle,
381 1632 582 1705 significallet,
603 1632 638 1685 ad
656 1651 721 1692 eam,
736 1635 835 1706 operis
856 1634 897 1688 sui
914 1647 1043 1707 partem,
1063 1654 1121 1708 qua
1129 1642 1187 1692 im-

124 1709 299 1770 peratorum
321 1701 400 1754 vitae
423 1700 758 1778 comprehenderentur,
789 1699 957 1757 lranfiturus
974 1722 1036 1757 non
1054 1705 1118 1756 lane
1137 1722 1187 1758 ne·
1278 1732 1280 1737 v

125 1769 201 1819 celle
221 1768 349 1822 habehat
372 1767 492 1833 dicere,
520 1785 550 1822 se
574 1786 606 1822 ex
629 1769 745 1824 infinito
768 1775 880 1828 Ducum
901 1789 1024 1841 numero
1050 1792 1111 1826 non
1126 1775 1188 1828 nisi

124 1840 368 1907 praestantiores
385 1848 686 1890 commemoraturum.
699 1839 764 1902 elie,
786 1857 874 1911 quum
889 1839 1098 1892 hocieetorum
1109 1842 1186 1915 quis-

90 1913 92 1921 ’
124 1920 184 1975 que
198 1906 247 1957 lira
257 1906 359 1978 lpoute
373 1906 539 1978 intelligere
547 1906 648 1975 poliet.
657 1909 695 1962 Ut
708 1907 798 1980 igitur
808 1906 933 1959 Hannib.
944 1910 984 1970 13,
992 1912 1019 1972 4.
1030 1907 1186 1965 adRomo·

123 1991 237 2027 nonam
256 1975 299 2028 im
321 1981 457 2040 erutores
481 1973 669 2046 explicandos
685 1992 716 2028 se
730 1974 857 2045 transire
873 1975 1186 2048 simpliciterscripsit,

122 2041 165 2094 ita
181 2058 242 2105 nou
261 1992 365 2097 dedito
382 2045 453 2114 quin
469 2043 555 2096 etiam
568 2042 598 2094 iu
613 2043 811 2097 Praefationis
827 2042 883 2094 fine
899 2040 1020 2094 eandem
1037 2045 1185 2098 rationem
1209 2063 1210 2066 ¹

120 2120 242 2164 secutus
263 2111 316 2176 sit,
342 2122 371 2164 et
392 2116 425 2168 in
450 2111 506 2165 ltoc
522 2109 600 2165 libro
620 2109 658 2173 (i.
677 2129 703 2164 e,
723 2111 817 2164 inhae
832 2109 999 2165 Voluminis
1017 2116 1122 2182 parte)
1141 2113 1186 2170 de

120 2185 380 2243 externorum
399 2197 429 2235 so
447 2181 671 2250 Insperatorum
688 2182 751 2236 uita
773 2179 983 2252 expositurum
1002 2183 1192 2254 significare.

119 2248 173 2300 rit.
210 2248 253 2300 Ita
276 2247 390 2302 demum
408 2260 474 2302 uter
497 2265 532 2301 ue
554 2248 636 2300 locus
658 2260 793 2302 accurate
812 2248 869 2302 sihi
891 2249 941 2302 rel
961 2249 1068 2315 ondet,
1087 2268 1183 2322 neque

121 2333 201 2388 opus
215 2326 295 2389 erut,
316 2318 346 2370 in
362 2318 464 2389 priore
476 2266 549 2372 ioco
570 2334 672 2369 vocem
689 2315 904 2372 excellentium
920 2267 1048 2382 adjicere
1059 2357 1080 2384 „
1095 2318 1183 2392 ipuam

120 2383 155 2436 in
172 2384 335 2455 posteriore
353 2386 439 2438 etiam
455 2385 581 2439 emiliam
600 2385 653 2437 effe
665 2385 811 2440 videmus.
849 2388 960 2454 Verum
982 2405 1071 2459 quum
1085 2389 1197 2457 Aemis
1263 2406 1264 2409 ¹

117 2450 183 2505 lius
195 2454 309 2519 Probus
329 2456 544 2527 Imperatorum
560 2451 642 2507 Vitas
665 2471 680 2506 a
699 2453 823 2527 reliquis
839 2455 1031 2526 segregasset,
1057 2467 1085 2509 ot
1101 2458 1180 2530 lepri-

120 2519 211 2573 ratim
224 2523 362 2594 evulgare
371 2523 565 2588 eonstituillet,
575 2532 633 2574 tum
644 2524 864 2577 veroLectores
880 2524 1106 2578 inPraeiatione
1119 2524 1181 2577 'mo-
1247 2569 1250 2576 ,

119 2588 211 2647 uendi
231 2602 332 2656 erant,
358 2589 395 2645 cle
413 2588 700 2648 excellentium
718 2593 942 2664 imperatorum
958 2593 1019 2646 υἱέα
1035 2592 1128 2645 libros
1146 2593 1179 2644 il-

119 2656 170 2711 los
192 2658 315 2731 scriptos
338 2660 403 2712 elle.
449 2661 586 2714 Ceterum
605 2659 724 2727 nescio,
747 2672 813 2714 ‘cur
833 2660 946 2712 Voi'lius
971 2663 1077 2715 ceteris
1091 2659 1180 2716 libris

120 2723 160 2778 de
179 2727 317 2782 Romanis
340 2728 571 2800 imperatoribus
590 2726 674 2799 egilie
690 2729 871 2789 Cornelium*
879 2728 1006 2790 scribat,
1025 2746 1111 2801 quem
1125 2748 1178 2803 po.

120 2795 199 2856 tius,
227 2807 260 2849 ut
275 2810 410 2851 externos
427 2795 534 2861 duces,
560 2796 599 2857 ita
616 2797 889 2859 Romanos-etiam,
916 2815 976 2859 uno
992 2796 1072 2851 libro
1088 2815 1177 2871 expo-

119 2863 207 2917 suiss'e
223 2865 322 2920 credo.
358 2867 442 2921 Hune
466 2876 562 2918 autom
585 2865 657 2937 quin
681 2865 853 2920 Plutarchus
872 2862 999 2928 viderit,
1028 2878 1114 2938 atque
1131 2884 1176 2932 ea,

118 2949 199 3005 quae
214 2936 328 3006 Fragm.
345 2935 416 3006 Cap.
431 2953 457 3004 9.
473 2952 552 2987 num.
565 2955 588 2989 1.
609 2931 644 2985 de
662 2933 803 2999 Lucullo,
823 2934 851 2984 ei
865 2935 927 2989 md.
937 2937 963 3057 g.
982 2933 1018 2987 de
1033 2935 1175 3008 Mereello

116 3013 292 3068 narrentur,
315 3002 382 3056 inde
397 3001 626 3074 transcripserit,
648 3000 778 3054 dubitari
789 3010 851 3054 'non
866 3013 968 3074 pote.
1003 3005 1040 3057 Et
1062 3004 1175 3072 nescio,

116 3085 156 3122 an
175 3066 221 3134 id,
242 3069 322 3143 quod
334 3073 450 3144 Fragm.
466 3088 530 3142 cap.
555 3090 594 3124 ιι.
617 3088 696 3123 uum.
714 3088 739 3122 a.
760 3069 794 3122 de
808 3069 932 3142 Augusto
950 3070 1096 3136 traditur,
1125 3089 1175 3124 eo-

115 3135 185 3191 dem
211 3156 244 3192 ex
265 3139 345 3194 libro
371 3141 492 3195 sumtum
520 3141 566 3194 sit.
606 3140 702 3192 Vitam
717 3138 786 3192 Julii
810 3139 960 3206 Caesaris,
998 3140 1173 3196 aCornelio

91 3206 273 3278 demptam,
301 3219 510 3264 commemorat
539 3204 705 3279 Gulielmus
730 3205 839 3262 Pasire
864 3209 926 3262 icus
951 3208 1172 3280 (Pastrengus),

111 3277 317 3346 Veronensis,
345 3279 500 3332 Saeuxrv.
526 3278 581 3330 ieri
605 3285 669 3344 tor,
697 3276 726 3328 in
747 3224 867 3332 Libelid
892 3273 1112 3350 ‹leorig'inibus
1129 3296 1173 3336 re·
1212 3282 1214 3291 '

113 3362 204 3408 runa,
223 3346 357 3407 Venetiis
375 3365 400 3401 a.
421 3349 496 3416 1547.
515 3346 542 3400 8.
559 3294 638 3409 edito
649 3379 657 3410 ‚
675 3362 741 3463 pag.
764 3356 813 3412 17.¹
826 3348 938 3409 Loous,
967 3362 1053 3420 quem
1067 3355 1173 3417 rogatu

113 3430 233 3466 meoet
252 3413 362 3487 Regiae
376 3415 544 3470 Parilieusis
563 3412 676 3469 Bibliot
698 3430 766 3466 ecae
791 3412 947 3483 exemplari
965 3412 1117 3485 (rescripsit
1136 3414 1170 3467 C.

110 3481 149 3535 B.
167 3480 290 3545 Hosius,
311 3481 486 3547 doctislimus
503 3483 631 3556 mihique
651 3481 830 3536 amicissimus
850 3485 912 3549 vir,
931 3481 977 3535 hic
989 3481 1040 3533 est:
1064 3484 1172 3536 Corne·

105 3547 176 3605 ¹lius
199 3552 298 3620 Nepos
321 3549 372 3607 lib.
391 3548 488 3609 edidit
517 3553 565 3608 De
596 3551 672 3606 ttris
689 3547 874 3606 illustribus.
903 3534 1034 3626 Scripsit
1051 3555 1083 3613 et
1097 3547 1172 3605 tulit

113 3618 201 3675 Caes.
220 3621 314 3675 uitam
335 3630 365 3676 et
386 3629 544 3694 temporo,
573 3617 657 3676 cu'us
672 3619 766 3692 fulsit
792 3619 986 3692 temporibus.
1022 3619 1168 3691 Postrengi

106 3681 208 3760 igitur
221 3699 314 3743 aetate
330 3691 459 3754 Caesaris
471 3690 550 3754 uite,
572 3639 720 3761 ailepote¹
733 3689 915 3760 conscripta„
940 3685 1069 3739 exstitille
1088 3685 1167 3740 ride-

90 3765 180 3823 ¹tur,
193 3769 232 3816 ,et
252 3775 322 3896 paup
344 3759 449 3816 Caesar
467 3760 499 3812 in
518 3760 719 3831 Rornanorum
741 3758 957 3835 Imperatorum
973 3755 1053 3812 Vitis
1066 3754 1167 3809 omitti

108 3840 172 3878 nou
186 3836 294 3898 potuit.
553 3886 555 3893 A
589 3890 597 3899 ἢ
665 3850 666 3853 ’
727 3892 728 3897 ¹

89 3935 127 4003 ⁰)
153 3931 272 4007 [Vollio
287 3933 446 3996 hao'etiam
462 3938 492 3992 in
509 3937 696 3992 reoffentior
712 3946 815 3991 eontra
832 3934 957 4000 Bolium,
976 3932 1027 4006 qui
1042 3930 1080 3986 ad
1092 3933 1164 4005 Reg.
1254 3998 1280 4010 ,Ι

111 4025 138 4067 1,
151 4023 176 4056 s.
196 4004 324 4069 aliorum
337 4007 457 4079 scripta,
475 4025 535 4061 non
554 4007 686 4066 Cornelii
700 4005 828 4068 librum,
848 4003 883 4057 de
897 4006 1007 4077 Regum
1019 4001 1165 4075 rebusge-

108 4073 298 4147 {inintelligi
316 4075 408 4130 malit.
444 4075 590 4131 Molchius
625 4092 723 4147 uoque
740 4073 833 4130 Vossii
848 4072 1019 4126 sententiam
1036 4070 1167 4143 sequitur
1253 4090 1261 4100 ³

107 4141 141 4196 in
163 4141 404 4208 Differtationis,
429 4145 526 4216 ,supra
560 4094 712 4210 laudatae,
749 4141 856 4214 insigni
886 4141 955 4193 loco
982 4155 1053 4223 pag.
1068 4157 1093 4209 9.
1118 4156 1163 4210 sq.

109 4210 276 4284 manneae·
283 4213 485 4284 transcribere
499 4208 1164 4295 operah.·pnetium,est;„5,Sule‚nt,1uterpretes
