2594 4644
102 215 105 232 ι
138 211 165 229 N
260 208 262 211 ’

409 185 896 310 ΤἙδῇΤΙΜΟΝΙΛ.γ
1065 179 1181 319 ‘extu

119 430 247 506 Batanis
264 436 404 517 monili,
428 449 463 498 ut
478 453 539 503 nos
556 431 737 499 divinantes
754 420 912 512 haberes,
936 457 1033 521 quam
1052 439 1194 517 tandem,

61 541 64 554 ⁸
113 551 192 605 tanto
215 542 317 607 statim
342 540 449 624 elogio
477 541 694 605 annuntiatum
716 538 802 603 ultro
829 542 909 604 esses
939 544 1181 627 producturus?

120 643 278 720 obtinuisti
294 650 416 725 omnia,
440 668 520 735 quae
536 649 679 713 volebas.
720 646 849 722 Nemini
873 649 959 711 enim
983 647 1126 714 nostrum'
1147 651 1182 715 itt

115 745 246 823 uertens
273 757 409 822 venisset
437 758 605 832 Datames,
641 774 736 841 quem
763 755 859 817 etiarn
889 767 1036 843 veterum
1053 773 1182 823 tuorum

61 842 63 891 i
112 854 279 946 puuciffinsi
299 862 422 925 novisse
439 861 601 927 uidenturs
644 865 747 925 Tanto
764 862 865 947 igitur
886 860 1007 944 gratius
1029 860 1072 926 ett
1085 862 1181 926 nobis
1232 850 1269 888 '‘

110 980 191 1032 tuum
208 966 292 1032 istud
306 968 443 1045 donum,
464 981 498 1032 et
516 967 590 1055 quia
605 966 821 1052 insperatum,
840 970 878 1032 ‘et
898 969 974 1053 quia
991 981 1054 1032 tam
1070 968 1184 1055 exqui-
1258 1012 1263 1018 ·

107 1071 204 1138 stura.
640 1072 644 1076 ’

173 1203 363 1290 'Exspecto‚
406 1217 442 1267 ut
462 1205 558 1267 etiam
584 1205 653 1290 poll
677 1206 756 1285 baec
770 1206 925 1292 disputata
938 1207 1085 1269 nonnulli
1107 1207 1183 1282 sint,

108 1311 223 1396 quibus
244 1313 279 1374 id
303 1327 413 1375 tamen
425 1311 609 1396 scrupulum
627 1313 765 1396 aliquem
782 1316 921 1396 in'ji'oiat,
944 1313 1032 1400 quod
1046 1313 1184 1376 Codices

79 1422 81 1427 ⁴
109 1436 218 1480 omnes
237 1418 332 1501 hujus
350 1420 461 1505 operis
483 1421 516 1480 in
536 1419 594 1480 illo
609 1440 626 1479 a
641 1439 693 1481 me
712 1421 898 1505 impugnato
913 1402 1051 1484 vitarunt
1069 1419 1185 1483 ordine

107 1524 316 1588 consentiant.
356 1529 419 1589 His
441 1523 702 1588 confiderandum
719 1528 783 1590 erit
796 1529 952 1612 primurn,
968 1527 1090 1589 nullum
1104 1510 1184 1589 Cod.
1222 1554 1228 1576 ι

107 1629 202 1693 nostri
218 1633 359 1696 auctoris
374 1647 438 1695 tam
457 1634 523 1696 esse
547 1632 727 1719 antiquum,
759 1648 795 1694 ut
814 1654 849 1694 ea
869 1635 1014 1716 tempora
1033 1653 1186 1718 praeter·
1242 1700 1245 1704 Α

107 1749 164 1813 ut,
188 1738 306 1823 quibus
319 1722 587 1802 ‘immutationem
617 1738 705 1811 illam
728 1738 852 1800 ordinis
876 1738 911 1799 in
933 1737 997 1802 hoc
1019 1759 1120 1825 opere
1138 1739 1186 1800 fa·

107 1857 187 1904 ctam
203 1843 409 1927 suspicamur.
455 1844 602 1919 Deinde,
624 1846 742 1906 nullam
766 1846 854 1930 posse
874 1848 937 1909 else
956 1861 1074 1909 tantam
1090 1846 1187 1908 Codi-

108 1968 195 2024 cum,
220 1950 316 2013 etiam
332 1949 635 2037 antiquiffimornm‚
659 1953 898 2027 auctoritatem,
923 1975 1004 2036 quae
1019 1974 1188 2040 argumen-
1243 1944 1251 1956 ⁸

87 2055 147 2121 uis
160 2056 320 2132 internis,
345 2058 451 2143 qualia
466 2079 527 2120 nos
542 2071 653 2135 contra
670 2073 843 2143 receptum¹
856 2073 888 2120 et
901 2061 1066 2142 'vulgatum
1077 2059 1190 2122 harum
1263 2132 1268 2140 ¹

106 2161 243 2225 vitarum
258 2164 406 2227 ordinem
424 2161 570 2248 exipsius
587 2164 728 2226 auctoris
745 2185 803 2228 ore
819 2165 853 2226 in
869 2157 1193 2255 luconspiotulimus,

106 2285 169 2337 non
186 2267 384 2353 infringatur
402 2283 435 2331 et
450 2270 550 2357 cadat.
594 2272 746 2367 Quamvis
767 2271 854 2332 enim
879 2270 1010 2333 historia
1029 2271 1123 2352 hujus
1140 2273 1188 2334 fa·

105 2373 149 2455 cti
172 2376 353 2459 perpetrati
379 2376 503 2437 narrari
527 2396 593 2438 non
618 2376 728 2462 possrt,
754 2397 814 2439 ‘res
830 2366 1188 2462 tamenipsaloquitur,

69 2512 89 2569 ι·
107 2495 139 2543 et
153 2477 347 2545 divinationi
361 2480 484 2546 nostrae
501 2482 668 2547 olarillima
685 2504 766 2547 voce
790 2482 991 2577 suffraggtu-r.
1030 2484 1112 2580 Quis
1128 2506 1189 2548 no·
1230 2507 1232 2511 ’

105 2587 154 2650 bis
170 2588 302 2662 dixerit,
327 2609 421 2673 quam
436 2591 527 2653 multi
552 2581 690 2656 Codices
708 2590 802 2671 hujus
812 2593 922 2675 operis
941 2590 1120 2653 exstiterint
1130 2593 1189 2653 illo

106 2689 272 2780 ternpore,
295 2694 541 2780 quoCbronilla
556 2694 664 2759 noller
679 2693 790 2760 vixit?
814 2697 849 2758 Si
864 2695 951 2757 sorte
969 2695 1056 2757 idem
1065 2696 1121 2756 ille
1132 2695 1190 2760 has

107 2803 185 2872 ritas
202 2823 243 2866 ex
259 2803 319 2864 sua.
329 2802 532 2866 ordinatione
550 2804 647 2865 etiam
663 2787 859 2887 descripsit,
879 2815 932 2862 aut
950 2800 1060 2862 saltem
1079 2801 1124 2863 ita
1134 2801 1201 2875 dea

107 2907 205 3001 scribi
224 2909 288 2970 sibi
308 2907 415 2981 iecit„
428 2931 526 2969 unum
547 2923 643 2992 atque
665 2903 807 2970 alterum'
826 2908 990 2991 exemplar
1011 2904 1193 2976 sufficiebat

86 3014 89 3019 ’
106 3015 306 3078 invehendae
323 3037 426 3078 novae
443 3016 521 3078 libri
538 3016 672 3077 formae.
714 3013 867 3076 Placebat
891 3013 962 3074 aliis
986 3011 1041 3074 hic
1067 3029 1190 3099 auctor,

72 3120 158 3187 asub
173 3140 260 3186 nova
275 3123 459 3203 formasjam
482 3123 577 3183 etiam
599 3114 824 3206 chronologus
848 3104 970 3182 sactus:
1001 3120 1056 3181 alii
1075 3119 1192 3181 saetam

106 3229 314 3292 mutationem
330 3229 460 3291 omnino
484 3228 683 3289 nesciebant.
713 3233 770 3303 lta,
792 3227 951 3310 neglectis
967 3225 1120 3310 paulatim
1135 3245 1191 3286 nn-

106 3334 301 3419 tiquioribus
332 3325 505 3398 Codieihus
538 3333 590 3414 (si
617 3335 729 3416 plures
758 3333 872 3413 erant)
899 3348 932 3397 et
951 3331 1058 3416 piperi
1084 3331 1191 3394 invol-

104 3428 209 3504 tendo
235 3443 408 3518 adhibitis,
455 3441 621 3505 recentior
642 3439 721 3504 libri
745 3440 870 3524 species
892 3435 926 3502 in
945 3436 1050 3503 nostra
1066 3437 1192 3505 becula
1256 3454 1263 3474 ¹

66 3582 83 3640 Ι·
105 3550 350 3634 propagabatur.
466 3557 468 3559 ’
