2594 4644
394 116 769 181 PRAEFATIO.¹

111 404 186 470 Neu
208 406 339 481 dubito,
368 407 441 467 fore
462 405 663 490 plerosque,
698 405 824 480 Attice,
861 407 918 490 qui
956 408 1020 476 hoc
1061 429 1162 492 ,gest
1219 453 1222 458 .

53 535 113 575 uua
143 513 324 596 scripturae
352 514 425 575 leve
462 525 508 596 ct*
521 506 587 573 non
601 511 691 572 *satis
727 511 858 595 dignum
886 533 1079 575 summorum
1173 505 1175 509 ’

53 701 185 769 Prologus.
196 699 361 767 Edurraj.
383 699 573 752 Excellentium
607 697 689 751 fuiffe
703 699 797 767 aiunt:
815 703 858 769 qui
877 701 978 754 Atticae
996 702 1039 754 boc
1053 718 1128 767 genus

54 770 238 841 Imperatorum
257 771 333 822 Liber
352 769 445 822 Autore
464 768 573 821 Aemilio
606 771 741 835 scripturae
758 779 814 822 ete.
833 768 960 842 Eamque
972 769 1139 823 lectionem·

53 838 145 894 trouu
164 839 197 890 at
215 840 339 892 Atticum.
359 832 539 901 Prooemium]
608 845 706 890 tuetur
723 837 837 909 Magius
850 854 893 888 ιν.
924 838 1047 891 Miscell.
1061 855 1127 911 cap.

86 906 223 971 Praeflatio
243 903 316 960 cod.
340 907 414 960 Dan.
444 906 573 970 Prologus.
611 907 652 959 15.
666 902 717 957 sed
728 922 784 976 pro
797 914 916 976 recepta
928 906 1054 959 lectione
1064 908 1129 980 plu.

52 973 302 1043 ueidarooemtum.
324 971 396 1027 eod.
408 973 572 1041 mprougus.
609 972 685 1024 rium
699 972 911 1043 meliorumque
922 972 1054 1027 codicum
1060 992 1128 1028 con-

20 1072 25 1077 -
92 1043 257 1097 Nondubita
272 1037 370 1108 fora]
411 1041 453 1093 Ex
474 1039 576 1094 Iicavit
610 1039 705 1095 sensus
725 1039 806 1094 facit.
844 1043 901 1098 ltus.
920 1040 1004 1096 thee
1022 1059 1039 1095 a
1060 1040 1127 1097 ced.

52 1110 134 1165 noh.
149 1109 244 1163 Titius
255 1108 440 1182 prooemium
453 1059 573 1164 incliti.
609 1105 691 1161 Leid.
880 1156 883 1161 .

51 1179 81 1235 b·
98 1196 126 1233 c.
135 1196 179 1233 aa.
194 1189 328 1231 controv.
336 1177 479 1232 locurum.
493 1178 576 1230 Schot-
627 1177 697 1229 Leve
706 1185 729 1228 et
738 1196 786 1229 nou
796 1193 816 1233 s.
826 1177 851 1234 b.
861 1195 915 1231 cum
923 1179 1027 1247 relatum
1042 1176 1130 1250 (μή.)

52 1255 103 1301 tas.
141 1247 207 1299 Non
219 1243 339 1307 dubito,
359 1245 430 1316 quin
442 1246 576 1319 plerique
611 1241 1129 1326 leg.etc.]Per013p0rtunusesthicla·
1178 1258 1183 1267 ⁸

52 1312 148 1387 futuri
161 1313 221 1378 tint,
233 1311 576 1384 sicluquiturLysandrot
613 1331 662 1366 cus
677 1313 747 1365 tulii
758 1314 802 1369 ,Ca
824 1313 922 1378 itoliui
933 1315 964 1366 in
977 1314 1055 1387 Opil.
1069 1318 1130 1370 Ma·

82 1402 141 1435 uam
162 1399 186 1434 se
208 1385 349 1434 babituram
375 1386 480 1448 pecunia
497 1385 579 1451 fidens
612 1381 686 1433 crin.
704 1399 730 1435 e.
748 1399 772 1434 1.
813 1384 873 1448 'jus,
889 1385 933 1448 qui
947 1385 1131 1438 uitasalierum

53 1468 104 1503 nau
122 1452 260 1504 dubitabat.
295 1446 464 1503 Alcibiadez
491 1453 579 1519 Neque
611 1451 712 1501 scribere
736 1451 851 1516 orditur,
876 1449 987 1521 rusticium
1003 1461 1035 1504 est
1054 1453 1132 1519 tigna

53 1520 187 1573 dubitabat
211 1519 295 1584 facile
329 1535 352 1569 se
385 1529 576 1572 consecuturum.
612 1519 753 1582 cognitione
783 1522 936 1589 perscribere.
980 1518 1018 1570 Et
1048 1522 1132 1587 Juuio

52 1586 135 1643 Anu.
153 1590 237 1641 Nema
259 1587 407 1652 dubitabat,
431 1588 525 1655 aliquid
549 1587 577 1640 de
611 1585 709 1652 quidem
738 1587 814 1640 Cardo
837 1590 945 1642 studium
964 1589 1026 1652 fuit
1051 1606 1134 1644 eorum

50 1671 115 1727 paee
133 1651 176 1725 effe
189 1659 317 1725 scripturn.
355 1653 406 1708 Sic
419 1653 539 1727 iungunt
550 1664 580 1707 et
613 1653 793 1721 Imperatorum
801 1658 871 1717 vitas
889 1657 972 1720 adare,
989 1660 1135 1724 quesobscu·

54 1723 109 1779 alii
130 1725 303 1797 ,Scriptores
331 1723 446 1806 primae
479 1721 578 1786 claffis,
612 1725 689 1774 riores
707 1722 825 1776 videbat:
841 1726 884 1791 uui
900 1743 948 1776 nan
964 1726 1136 1795 muttumpro-

55 1789 133 1846 adeo
144 1793 318 1858 utiuventue
330 1786 508 1861 increpanda
519 1807 579 1843 non
607 1789 694 1855 ficit,
712 1806 769 1841 nam
786 1800 811 1843 et
830 1806 908 1860 pauca
925 1793 1033 1860 reperit,
1051 1804 1075 1846 rt
1093 1797 1134 1846 in-

54 1859 104 1924 ut,
124 1860 148 1915 ei
161 1868 310 1933 sequatur.
347 1860 464 1913 Curtius
481 1858 514 1913 L.
536 1876 577 1911 ιο.
614 1859 693 1925 digna
708 1868 860 1924 memoratu,
879 1855 996 1928 affluens,
1013 1874 1035 1910 se
1057 1863 1134 1914 mini-

57 1930 93 1984 C·
107 1932 152 1985 ab.
166 1932 224 1994 jam
240 1929 355 1995 divinat,
372 1923 580 1996 marrmeffecon-
613 1944 654 1978 ma
685 1942 771 2006 uaeque
787 1937 990 2009 persecuturum,
1006 1932 1075 1995 quari
1089 1928 1135 1981 vel

56 2008 75 2051 ο·
101 2006 179 2061 tum,
194 2015 262 2066 quem
277 2013 324 2048 vas
339 1997 595 2065 dubitarisparnruu
613 1996 642 2046 de
693 2011 782 2059 rajano
808 2005 851 2049 aut
877 1997 945 2059 Pia,
972 2004 1015 2046 aut
1039 1996 1135 2050 Marcu

55 2006 168 2189 {bruel
181 2066 296 2119 subiere?
329 2062 579 2118 Deliciaenostrae
613 2062 789 2130 sciendumstt,
805 2059 1136 2135 quotirsprocafferit,quau-

39 2186 43 2191 .
86 2133 156 2188 acii.
169 2133 202 2187 L.
212 2150 237 2187 a.
258 2150 322 2204 cap.
334 2133 378 2188 36.
396 2131 472 2184 Haut
482 2133 581 2185 dubium
614 2130 645 2182 do
662 2133 729 2182 cibos
746 2135 907 2195 variaverit,
924 2141 948 2184 et
972 2135 1066 2200 quanda
1091 2151 1138 2185 ue.

57 2211 129 2271 erat,
147 2202 436 2255 ramsententiamattius
448 2209 579 2269 penetrare.
615 2208 674 2250 stem
692 2205 847 2264 mutaverit,
865 2210 961 2268 atauus
977 2202 1137 2272 quaudopra·

57 2270 116 2325 lib.
134 2274 176 2340 14.
201 2286 268 2343 cap.
282 2269 327 2337 43.
354 2271 418 2322 Nou
437 2271 495 2336 quia
512 2268 583 2320 dubi·
616 2269 741 2331 moverit,
767 2288 826 2336 quae
844 2268 887 2320 itte
904 2273 987 2322 omnia
1002 2271 1138 2339 exequendo

44 2344 161 2405 'tarem‚
179 2352 248 2407 super
265 2341 376 2392 omnibus
384 2339 489 2402 negotiis
497 2337 584 2388 meiius
618 2336 725 2387 librosm
741 2337 984 2405 tbiuariisreplevit,
1003 2340 1138 2392 tuliascrr’·

60 2417 137 2476 atque
158 2410 249 2461 rectius
264 2406 325 2458 otim
345 2408 480 2474 provisum.
528 2404 583 2457 Ite·
617 2404 691 2454 banda
711 2357 844 2467 dnhaec
858 2401 1137 2479 duoverbaagloffa

59 2473 325 2532 rumGurtiualib.
338 2492 365 2544 7.
384 2475 442 2526 Nec
459 2474 584 2531 dubitabat
618 2469 703 2525 sunt?
729 2471 786 2527 nisi
804 2472 867 2526 fors
885 2485 1047 2527 accuratam
1064 2474 1137 2527 scri.

61 2545 140 2610 bajas
163 2560 252 2613 quaque
275 2545 361 2596 ultimi
386 2543 487 2595 consilii
506 2535 585 2610 fiaiffe
617 2537 706 2592 hendi
721 2538 900 2614 diligentiam
913 2540 1138 2613 frustraubique

59 2613 207 2693 participas.
225 2610 408 2665 (tethardus.
619 2609 803 2680 quaerimus)
822 2627 876 2662 eum
893 2613 991 2662 omnino
1005 2615 1137 2665 rerumvi·

100 2676 210 2747 Attice]
232 2681 275 2732 De
297 2696 332 2733 co
346 2677 429 2742 vide,
454 2693 528 2750 quae
541 2676 583 2728 in·
619 2683 682 2730 tium
706 2687 750 2730 aut
766 2677 836 2730 uuila
854 2679 980 2731 scribenda
995 2677 1068 2746 stat,
1094 2689 1138 2734 aut

61 2746 113 2803 fra
135 2745 173 2800 ad
201 2747 290 2800 vitam
319 2747 379 2814 ejus
408 2745 583 2798 notabimus.
619 2746 701 2797 nimis
715 2760 808 2814 pauca,
831 2748 854 2798 si
870 2753 950 2799 tamen
968 2765 999 2801 ex
1014 2749 1139 2817 bismortt

62 2816 142 2873 Nota
155 2824 267 2879 autem,
301 2832 358 2887 pro
375 2815 460 2867 Attice
478 2813 508 2865 in
520 2813 582 2866 MS.
616 2813 708 2883 paffint
724 2814 909 2878 animaduerti,
931 2818 974 2883 qui
989 2834 1076 2870 reuera
1090 2821 1140 2871 sei.
1204 2846 1206 2851 -
1265 2812 1269 2818 '

64 2882 141 2939 cod.
155 2899 240 2957 quem
250 2880 372 2935 Hieron.
381 2882 493 2955 Magius
500 2879 584 2946 vidit,
619 2885 677 2935 aridi
690 2894 760 2934 suut:
779 2883 818 2934 sed
829 2898 860 2934 er
872 2891 953 2949 parte.
973 2895 1002 2937 ut
1014 2903 1046 2936 ex
1057 2904 1085 2937 ea
1099 2905 1140 2938 ce.

63 2950 165 3007 tuito:
196 2953 260 3004 Nou
278 2952 361 3004 dubito
373 2951 433 3014 fore
452 2952 584 3019 pterosque,
619 2951 839 3008 teracallicuutur.
876 2953 917 3003 Ex
928 2949 973 3005 his
985 2953 1085 3009 verbis
1096 2944 1177 3013 1ο-,Ι

46 3050 49 3057 ·
97 3021 279 3073 iAttiraebac
294 3015 582 3088 geuusseripturae‘tevr.
620 3034 684 3091 gem
700 3017 830 3071 videmus
849 3017 1025 3089 scriptionis
1037 3020 1137 3088 hujus:

62 3036 161 3169 guam
176 3086 333 3140 lectionem
351 3097 383 3141 ut
402 3084 584 3157 probabilia·
620 3103 706 3159 quam
725 3095 858 3139 accurate
876 3095 988 3151 tamen,
1018 3087 1138 3160 siquis,

45 3173 130 3217 ,rem
151 3153 282 3209 defendit
302 3174 364 3208 1111.
400 3155 504 3209 Miscet.
532 3168 586 3220 cap.
621 3154 750 3208 servavit
762 3155 874 3225 Nepos:
894 3153 944 3225 qui
962 3170 1016 3207 nec
1035 3172 1069 3208 ex
1085 3158 1138 3210 mi.

63 3227 114 3279 eit.
145 3221 238 3303 ,Quod
255 3222 279 3277 ai
297 3225 394 3295 Nepos
412 3223 452 3276 ita
465 3221 585 3293 scripse·
621 3222 744 3276 noribus
757 3222 813 3275 istis
831 3221 919 3274 rebus
932 3221 1039 3288 multa,
1059 3234 1088 3277 et
1104 3241 1140 3279 ee

63 3293 126 3357 rit,
151 3308 212 3346 nen
228 3301 286 3344 tam
304 3291 341 3344 ad
359 3309 441 3344 suum
458 3290 534 3342 hunc
551 3289 586 3341 li·
621 3288 868 3361 tantumscrip'fit,
888 3306 961 3361 quae
980 3289 1138 3365 ingenium,
1168 3306 1172 3321 ·

63 3358 166 3424 larum,
186 3375 270 3431 quam
277 3359 405 3413 Graecos
416 3359 586 3431 scriptores,
621 3373 775 3429 moresque
792 3357 942 3411 hominum
960 3374 993 3410 ac
1008 3359 1139 3432 regionis
1179 3416 1181 3426 ,

63 3427 146 3481 amde
160 3426 234 3480 haec
251 3426 354 3492 linuit,
379 3426 532 3500 respexiiie
544 3423 586 3477 vi·
622 3424 800 3492 indicarent3
834 3436 863 3479 et
882 3425 939 3478 hoc
956 3426 1053 3498 ipsum
1075 3446 1141 3482 cum

64 3493 171 3559 detur,
195 3493 315 3547 maxime
332 3512 405 3550 vero
424 3494 461 3548 ad
478 3495 586 3562 Thucy·
622 3494 853 3564 apobcpaueta,
877 3509 951 3564 quae
976 3494 1035 3547 suh·
1049 3498 1140 3550 maui-

65 3559 168 3617 didam
189 3562 271 3615 illum
289 3562 503 3628 ἀττικώτατον,
528 3576 587 3631 quo
621 3561 677 3616 bus
698 3572 761 3627 est,
790 3563 836 3614 cui
856 3572 1017 3624 consonant
1036 3567 1077 3628 ιδ,
1098 3584 1140 3630 ιι,

64 3627 155 3685 valde
175 3629 361 3685 familiariter
380 3632 483 3685 utitur.
520 3631 589 3684 Era·
626 3649 649 3684 1.
675 3634 718 3686 25.
740 3631 780 3685 13.
800 3631 826 3684 6.
846 3638 875 3681 et
900 3628 976 3685 ratio
1000 3630 1140 3698 metho'di,

65 3702 140 3754 ttius.
176 3701 221 3753 De
233 3700 268 3753 Τ.
281 3702 314 3753 Ρ.
329 3702 432 3764 Attica,
452 3698 533 3764 cuiue
546 3698 588 3751 vi·
624 3715 710 3770 quam
725 3697 845 3770 exponit
860 3697 891 3749 iu
905 3697 1039 3770 Epamiu.
1065 3702 1141 3756 Dice.
1210 3723 1214 3729 -

67 3776 128 3821 tam
152 3765 269 3822 seorsim
292 3768 391 3840 Nepet
410 3766 588 3841 conscripsit,
624 3784 675 3819 mus
688 3769 794 3834 primum
815 3767 844 3817 de
860 3783 962 3830 genera:
986 3768 1072 3821 deinde
1086 3772 1143 3839 qui:

89 3833 371 3918 letiqueaceipiunt‚
390 3835 590 3908 eiquelibrum
623 3836 665 3887 bus
678 3835 820 3903 disciplinis
832 3841 856 3885 et
875 3851 890 3885 a
908 3837 993 3902 quibus
1002 3833 1041 3901 stt
1061 3839 1142 3891 erudi·
1202 3849 1204 3853 ’

67 3853 250 3961 tuucinecri
273 3912 334 3955 tum
345 3902 457 3957 velunt.
477 3904 591 3956 Sabutus
624 3910 677 3969 tu53
695 3911 748 3954 tum
762 3901 791 3954 de
802 3904 921 3966 maribus,
939 3904 1079 3970 ingeniique
1101 3907 1141 3964 βα-

69 3982 168 4030 umen
191 3982 221 4026 et
276 3970 357 4045 agitat
381 3970 412 4024 in
434 3971 504 4026 Mea.
531 3971 589 4027 suit
625 3970 774 4035 cututitus,
792 3980 816 4022 rt
840 3974 863 4043 ri
880 3988 927 4040 qua
948 3972 1000 4025 uia
1022 3971 1141 4028 meua

611 4062 683 4122 Aa
