2594 4644
98 330 179 398 m
397 273 428 370 'e
455 292 879 385 nutricio.
967 368 971 373 ,

20 628 21 635 ¹
99 557 258 632 quorum
288 528 397 628 primi
430 527 578 626 quidem
604 524 680 624 ipse
703 521 825 595 fuerat
848 521 1040 622 pollellor3
1091 519 1187 590 alter
1220 517 1222 522 ’

97 652 325 756 'pertinuerat
347 654 395 724 ad
415 649 556 726 Gifanii
576 648 840 755 bibliothecam
851 650 865 739 ς’
914 645 1041 716 tertius
1066 670 1186 716 omu-

95 769 160 850 seo
180 778 278 850 Petri
301 776 438 850 Petavii
460 768 621 847 venenat.
675 773 751 846 scd
778 770 876 843 utin
896 769 1070 866 augendis
1091 768 1187 840 mul·

97 903 142 974 tis
174 903 253 974 aliis
282 899 493 974 auctoribus
522 899 712 997 utriusque
738 895 908 994 linguae,
948 873 1130 966 ita‘etiam
1145 890 1185 967 in

97 1031 244 1127 Nepote
266 1025 453 1113 ornando,
483 1024 678 1122 Belgarum
704 1010 977 1106 bibliothecae„
1005 1034 1042 1088 et
1066 1000 1106 1089 in
1129 1017 1187 1089 hic

96 1149 278 1223 Leidenfis
290 1150 467 1235 maxime,
493 1146 714 1231 liberalitate
734 1144 845 1235 facilc
865 1144 1082 1244 superarunt
1105 1168 1185 1215 om·

97 1275 198 1346 nium
226 1274 396 1348 aliarum
417 1262 604 1343 civitatum
639 1262 891 1342 bibliothecast
952 1273 983 1341 Ε
1015 1268 1187 1343 Leidensi

97 1388 195 1469 enim
209 1398 434 1471 bibliotheca
454 1396 524 1469 suit
543 1397 637 1468 liber
661 1395 813 1495 scriptus
833 1394 888 1481 is,
931 1395 1033 1492 cujus
1054 1384 1186 1465 lectio·

88 1508 178 1610 hes,
205 1548 228 1594 a
254 1520 397 1597 Joan'ne
420 1520 610 1595 Scheffero
632 1521 853 1619 exscriptas,
888 1515 928 1589 in
958 1517 1078 1617 prima
1105 1517 1185 1589 edi·

6 1707 9 1711 .
95 1646 197 1718 tione
207 1633 484 1747 lua'publicavit
492 1646 700 1733 Boeclerus,
716 1667 826 1743 quem
837 1618 1187 1714 uos‘otuuStaverio

93 1770 310 1842 Leidensem
334 1773 493 1872 primum
523 1771 773 1841 nominamusz
824 1767 984 1839 diversus
1013 1767 1111 1836 enim
1135 1765 1188 1839 est

95 1893 223 1985 abeo,
256 1896 295 1967 id
315 1895 416 1994 quod
434 1895 588 1966 varietas
611 1891 779 1965 lectionis
795 1889 1032 1979 declaratffl,
1074 1916 1186 1990 quem

96 2018 217 2089 eidem
238 2020 405 2092 Staverio
425 2019 527 2092 adire
546 2017 724 2115 contigit,
751 2030 788 2087 et
810 2016 873 2114 qui
893 2017 967 2119 jam
980 2032 1090 2087 antea
1101 2016 1184 2089 fuc-

46 2140 48 2145 ’
94 2122 162 2214 nat¹
186 2143 240 2215 ab·
264 2143 532 2244 Oudendorpio
544 2197 555 2231 ‚
598 2143 736 2237 summo
767 2141 867 2229 viro,
917 2137 1186 2240 diligentislimc

95 2292 179 2338 cum
191 2269 356 2368 exemplo
377 2268 547 2340 editionis
565 2267 849 2340 Reuchcnianae
870 2270 1084 2357 commillus.
1112 2269 1187 2343 Hic

94 2391 132 2463 in
169 2393 298 2465 charta
330 2394 479 2492 majoris
516 2390 658 2464 fonnac
686 2393 839 2494 scriptus
866 2394 935 2483 est,
975 2411 1012 2465 et
1039 2394 1185 2469 anobis

54 2515 59 2530 “
93 2517 275 2589 Leidenfis
306 2518 484 2590 secundus
512 2517 659 2591 dicitur.
712 2496 909 2591 Practerea
929 2520 1096 2592 Staverio
1118 2544 1182 2590 co·

25 2714 30 2725 Ι
92 2640 156 2740 pia
177 2640 277 2713 facta
297 2643 346 2714 est
372 2643 589 2742 inspiciendi
610 2645 766 2719 Codices
788 2644 980 2720 Vossianos
996 2660 1088 2729 tres,
1118 2642 1183 2741 qui

11 2756 14 2761 ¹
92 2764 131 2834 in
148 2765 277 2837 eadem
299 2767 525 2842 bibliotheca
551 2768 721 2841 Leidensi
745 2769 989 2868 reperiuntur.
1034 2742 1183 2838 'Primue

92 2914 222 2970 corum
252 2890 291 2960 in
322 2893 537 2964 membrana
567 2892 770 2993 ¹descriptus
801 2893 850 2965 est
884 2892 1092 2991 quaternis,
1145 2906 1183 2962 et

93 3039 206 3111 quum
232 3013 270 3084 in
300 3016 486 3116 plerisque
508 3017 609 3089 libris
632 3018 746 3090 Attici
768 3015 855 3093 Vita
891 3041 1022 3116 agmen
1050 3000 1160 3112 cogat
1167 3065 1180 3104 ,

91 3139 129 3209 in
152 3140 251 3229 hoc,
278 3145 322 3244 ut'
340 3141 378 3210 in
399 3141 636 3214 Mendofiano
660 3159 696 3213 ot
718 3140 1013 3215 Uffcnbachiano
1035 3138 1179 3228 codice,

90 3265 239 3355 Catonis
263 3265 370 3339 Vitae
390 3264 600 3365 praepolita
620 3264 703 3336 est„
731 3267 840 3340 Abest
866 3283 988 3338 autem
1014 3266 1078 3336 illa
1103 3264 1182 3364 ipsa

88 3387 203 3460 Attici
222 3388 297 3459 vita
316 3388 362 3460 ab
377 3387 493 3460 altero
510 3388 648 3463 Codice
666 3389 886 3481 chartaceo,
912 3389 1054 3465 formae
1073 3384 1182 3462 octo·¹

162 3514 167 3526 Ι

91 3579 142 3644 23)
161 3582 197 3632 V.
216 3597 242 3632 c.
264 3578 338 3632 Con.
354 3581 381 3647 3,
401 3583 429 3648 4.
446 3581 529 3637 Leid.
553 3601 578 3638 1.
598 3599 676 3706 guae
696 3583 766 3639 huic
785 3580 920 3648 volebnt3
940 3579 1022 3636 Leid.
1044 3598 1070 3635 a.
1091 3579 1180 3647 huic,

124 3665 201 3718 quae
222 3645 349 3704 colebat.
367 3650 435 3703 Dic.
455 3651 483 3718 3,
504 3667 529 3707 2.
546 3653 597 3706 Lei
621 3671 671 3707 .a.
696 3655 730 3706 in
753 3671 787 3709 eo
805 3671 873 3706 meo
889 3650 985 3719 libr03
1002 3647 1085 3703 Leid.
1106 3668 1130 3701 1.
1145 3650 1182 3703 in

122 3736 158 3772 eo
180 3715 268 3772 libro.
290 3718 399 3788 Iphicr.
423 3733 450 3786 2,
473 3721 499 3775 3.
518 3718 600 3774 Leid.
622 3737 647 3774 a.
672 3721 832 3794 intercepit
837 3739 848 3791 ,·
865 3719 946 3774 Leid.
974 3739 998 3772 t.
1018 3715 1180 3788 interfecit.

122 3788 237 3840 Datam.
247 3790 275 3854 4,
291 3790 318 3842 5.
328 3785 410 3840 Leid.
424 3806 448 3840 ι.
466 3807 557 3844 arma
574 3789 682 3856 cumin
699 3789 782 3844 Leid.
800 3809 825 3846 α.
839 3807 929 3845 orma
940 3788 1033 3862 capit.
1047 3786 1179 3839 Fischer.

96 3921 148 3990 ¹4)
166 3922 332 3977 Staverium
347 3922 442 3977 minus
458 3923 614 3997 diligenter
627 3924 658 3979 in
673 3925 859 3984 conserendis
873 3925 1025 3982 codicibus
1039 3921 1099 3976 suit
1111 3935 1179 3973 ver·

56 4057 59 4061 ἢ
124 4002 236 4055 satum,
255 4001 396 4061 recteque
415 4008 451 4047 co
472 3995 589 4048 nominc
608 3996 647 4049 ab
663 3997 847 4070 Heusingero
869 4014 902 4050 re
925 3996 1081 4052 rehensum
1104 3990 1177 4054 elles

124 4076 213 4130 quum
228 4058 362 4132 plurimis
378 4061 546 4118 testimoniis
561 4066 691 4137 probare
704 4065 824 4140 polim,
844 4014 975 4133 (inclina,
990 4063 1041 4120 scd
1061 4062 1097 4114 iia
1116 4074 1178 4111 me·

122 4129 198 4181 xime
218 4128 401 4201 insignibus,
421 4141 574 4188 contentus
593 4150 646 4188 ero
658 4141 700 4191 V.
718 4153 792 4210 quae
809 4137 959 4191 Staverius
973 4129 1125 4189 adnotavit
1140 4116 1196 4180 ad,

125 4194 224 4253 nteit.
237 4195 265 4264 3,
284 4214 310 4252 a.
327 4206 356 4253 et
367 4197 477 4274 lgent
497 4198 525 4268 Β,
545 4223 570 4259 1.
586 4203 760 4278 curtibus,
780 4212 878 4263 atium
893 4205 1009 4281 integra
1024 4204 1096 4260 lt'aec
1110 4196 1178 4260 loct
