2594 4644
82 298 198 372 ¹iteri
447 275 909 341 TESTIMONIA.
1143 351 1148 357 ¹

573 397 577 430 s
905 390 924 401 ..

130 514 377 557 romannorum
400 491 605 565 memoriam,
627 510 746 572 resque
770 487 870 572 gestas
884 490 1030 552 virorum
1044 478 1132 554 domi
1149 491 1204 553 ini·
1224 462 1230 479 .

131 601 286 684 litioeque
306 597 473 661 illustrium
494 597 641 660 breviter
662 595 844 679 colligavit,
868 597 976 657 Plinio
995 595 1116 660 minori
1134 586 1239 683 (cui,¹

26 730 29 737 ’
133 698 240 768 Aldus*
263 704 425 769 Manutius
457 701 688 786 adscripscrat)
729 702 883 776 ablatum,
919 704 1039 786 Nepoti
1057 702 1209 765 Cornelio

63 805 73 816 ’
133 813 308 873 maltorum
332 810 479 893 ingratiis
502 805 750 890 inscripserunr,
783 822 815 868 et
840 828 880 869 ex
905 794 1044 879 Caecilia
1062 819 1161 892 gente
1177 806 1211 875 in
1245 880 1248 885 .

136 889 336 990 Corneliam,
360 917 490 977 ohtorto
514 913 617 986 collo,
640 913 710 973 ltali
727 912 855 996 quidam
875 913 1047 987 censores,
1072 915 1213 975 Hermo·

136 1025 206 1086 laus
227 1023 407 1096 Barbarus,
450 1011 550 1090 lanus
579 1018 780 1094 Parrhasius,
818 1023 1011 1082 Catellianus
1037 1023 1153 1096 Cotta,
1182 1030 1216 1081 et

51 1128 63 1215 ζ
135 1131 329 1194 Dominicus
348 1127 561 1199 Machameus,
585 1127 704 1208 aliique
719 1126 938 1189 traduxerunt.
981 1127 1047 1189 Sed
1066 1126 1216 1197 neutrius

136 1236 217 1298 mihi
238 1236 363 1308 videri,
386 1233 554 1317 admodum
575 1231 763 1292 adolescens
779 1231 874 1292 docui
891 1231 1038 1317 singulari
1054 1219 1218 1295 commin

138 1362 212 1429 eum
229 1355 393 1402 auctorem
410 1339 531 1413 Duaci,
554 1352 586 1400 et
601 1339 747 1400 Lutetiae
762 1339 867 1398 edito:
888 1353 922 1400 et
937 1339 1219 1403 exveteruiirlihr.

138 1445 203 1508 fide
220 1446 443 1526 rationumque
458 1447 630 1506 momentis
650 1448 713 1506 Sex.
734 1444 845 1505 Aurelio
866 1444 1047 1525 Victorijure
1062 1443 1220 1528 postumia

67 1610 71 1619 ,
139 1553 187 1615 nii
209 1551 428 1613 reddidimus:
452 1549 541 1631 cujus
566 1566 598 1613 ct
625 1551 787 1613 historiam
808 1549 976 1634 Augustam
999 1564 1072 1613 ante
1084 1547 1148 1614 ‘me
1161 1572 1220 1613 na·

140 1673 207 1718 tum
227 1677 399 1739 nusquam,
423 1655 510 1738 quod
526 1655 677 1739 equidem
697 1656 810 1729 sciam,
833 1656 916 1738 typis
933 1660 1111 1740 vulgatam,
1138 1658 1221 1720 Aut·

140 1762 272 1845 verpiac
288 1759 386 1843 primi
407 1756 578 1821 edidimus.
622 1761 731 1856 Quare
756 1776 791 1822 ut
814 1762 869 1823 illa
890 1763 1030 1825 Aemilio
1059 1744 1224 1849 adscripta

141 1868 277 1951 Nepotis
294 1868 357 1928 else
374 1876 485 1944 γνήσια
498 1870 688 1950 pronuntio,
719 1869 763 1929 ita
776 1871 866 1931 viros
882 1866 1020 1928 illustres
1037 1869 1147 1942 eidem
1165 1870 1225 1932 ah·

141 1975 262 2058 judicc.
294 1968 374 2034 'Sed'
386 1972 456 2032 liint
471 1986 503 2032 ct
519 1973 578 2039 alia
598 1974 719 2056 spuria,
743 1989 775 2035 et
796 1975 947 2036 Cornelio
959 1975 1101 2058 indigna.
1124 1979 1225 2037 Dare·

143 2088 181 2144 tir
194 2076 280 2142 enini
296 2078 412 2160 Phrygii
427 2078 654 2139 circumfertur
675 2079 790 2138 debello
815 2079 951 2161 Trojano,
975 2082 1028 2141 cui
1038 2070 1225 2147 interfuisse

97 2174 99 2179 ¹
143 2181 454 2259 dicitur,'liistoria,
478 2204 571 2265 quam
594 2184 696 2266 Raph.
721 2186 951 2248 Volaterranos
974 2209 1031 2248 sex
1045 2189 1226 2253 carminum

128 2294 238 2385 ¹libris
258 2291 387 2389 (quiet
410 2307 481 2347 cuin
497 2286 593 2368 Dicty
610 2291 757 2351 Cretensi
776 2293 873 2374 vulgo
887 2293 1060 2375 leguntur)
1082 2315 1226 2360 convcr-

144 2399 215 2460 tilse
233 2398 392 2481 Nepotem
409 2392 565 2470 tradidit3
609 2394 724 2476 quihus
747 2410 781 2457 et
813 2399 907 2479 prosa
930 2399 1075 2460 oratione
1097 2408 1230 2465 narratio

146 2505 245 2566 excidii
263 2504 361 2582 Trojoe
386 2499 623 2582 praemittitur,
646 2524 739 2586 quam
761 2518 793 2564 et
811 2503 928 2585 ipsein
944 2505 1110 2566 veteribus
1128 2506 1230 2585 libris

147 2610 244 2670 etiam
268 2609 329 2669 soli
354 2605 479 2686 Cornelio
496 2605 621 2666 cuidam
636 2607 819 2691 inscriptam
837 2609 915 2670 vidi.
950 2611 1050 2674 Stilus
1070 2612 1144 2674 sane
1161 2635 1231 2676 noir

50 2732 56 2751 ⁸
148 2713 192 2776 cst
205 2734 319 2775 aureae
339 2712 427 2773 illius
446 2712 569 2784 aetatis,
591 2713 710 2798 nedum
723 2714 879 2786 Cornelii,
891 2715 991 2794 ‚cujus
1008 2717 1230 2798 eloquentiam

145 2819 292 2889 Tullius,
314 2821 531 2879 Romanorum
549 2819 787 2893 disertissimus,
812 2821 956 2895 laudarit,
974 2842 1077 2907 eoque
1093 2828 1228 2891 nomina

146 2921 336 2985 carissimum
356 2924 515 2986 hahuerit.
557 2925 663 2987 Fuisse
688 2927 818 3008 quidem
838 2928 983 2990 Homero
1008 2933 1229 3014 antiquiorem

147 3030 340 3114 scriptorem
360 3030 510 3102 Daretem,
532 3030 658 3091 Aeliani
676 3033 882 3105 auctoritate,
906 3049 938 3096 et
960 3038 1001 3095 D.
1024 3035 1135 3099 Isidori
1161 3062 1229 3104 non

68 3222 70 3232 Ι
147 3135 289 3200 infitior:
312 3133 371 3194 sed
385 3134 480 3196 hicne
503 3136 587 3196 liher
605 3135 659 3196 ille
678 3137 736 3209 sit,
770 3141 825 3222 qui
844 3139 883 3200 ad
901 3122 1028 3202 Aeliani
1050 3166 1154 3227 usque
1174 3166 1234 3209 ae-·

122 3258 124 3263 ’
147 3259 245 3307 tatem
267 3240 410 3313 duravit,
433 3241 643 3303 vehementer
665 3243 788 3306 dubito.
832 3249 886 3309 Sic
907 3270 986 3309 vero
1011 3249 1066 3309 ille
1086 3249 1164 3311 libr.
1180 3256 1235 3312 xa.

147 3351 255 3414 Variae
269 3345 379 3408 histor.
401 3355 460 3415 Τὸν
478 3360 586 3430 Φρύγα
609 3363 641 3414 ὁὲ
662 3362 805 3432 Δάρητα,
824 3342 868 3421 ὀὗ
889 3370 1026 3442 Φρυγίαν
1049 3373 1157 3430 ι’λιᾶὁα
1186 3376 1230 3431 ἔτι

122 3491 125 3496 ,
147 3460 199 3511 rial
213 3459 265 3510 νῦν
281 3452 517 3520 duraciensem
536 3448 622 3521 οῖδα,
643 3460 702 3527 πρὸ
718 3461 827 3532 'Ourios
847 3470 898 3520 nal
915 3473 999 3523 τῡτυν
1017 3471 1160 3541 γενέσθαι
1177 3472 1228 3527 λέ)

151 3567 231 3623 root.
302 3544 447 3609 Sallustio
472 3546 506 3606 id
533 3569 613 3630 opus
639 3553 771 3613 nothum
796 3548 828 3619 dt
854 3559 1057 3642 illegitimum
1077 3565 1236 3627 falsarius·

150 3653 226 3726 ille,
249 3652 397 3735 quisquis
415 3651 445 3714 ia
468 3650 528 3727 eit,
552 3654 624 3738 lege
646 3660 811 3736 Cornelia,
836 3666 863 3726 si
879 3667 1152 3750 deprehendatur,
1167 3696 1229 3757 pu.

150 3757 309 3831 niendus,
331 3757 498 3842 inscripsit.
530 3757 638 3853 Quem
653 3765 783 3846 quidem
799 3771 955 3855 Crispum,
972 3778 1064 3840 Rom.
1076 3777 1229 3843 historiae

78 3945 82 3952 .
152 3864 353 3950 principem,
389 3865 484 3927 initio
509 3863 610 3928 statim
633 3869 747 3934 rustica
775 3890 807 3937 et
835 3878 943 3962 inepte
960 3884 1131 3967 appellat:
1165 3887 1252 3960 Cui,

60 4046 63 4051 Ι
153 3971 279 4055 inquit,
301 3969 369 4031 niti}
376 3972 566 4048 adjiciendum,
587 3993 635 4035 aut
650 3978 861 4059 diminuendam,
877 3988 1117 4070 reifinniidaudae
1134 3992 1230 4068 (fort.

39 4094 43 4109 .
148 4075 543 4180 jai·iiuaidoe)mffiiputavi,
561 4079 681 4167 alioquin
696 4107 780 4148 meum
791 4089 839 4169 effe
853 4090 936 4172 posset
949 4093 1081 4157 dubitari.
1104 4099 1231 4164 Verum
