2594 4644
165 242 233 355 att¹
303 352 308 360 ,
373 258 707 343 'conanum
748 272 1031 370 aaronis

609 693 717 757 cAP.
746 695 809 761 lv.

62 900 64 907 ·
129 908 143 946 ι
248 879 384 939 Tentata
418 888 524 938 autem
558 873 627 956 ejus
666 889 717 938 est
736 875 946 942 ,abstinentia
983 897 1004 936 a
1038 872 1257 939 Diomedonte

167 986 337 1067 Cyziceno.
384 967 544 1068 'Namque
580 981 609 1042 is
637 956 752 1066 iugata
780 983 969 1044 Artaxerxis
999 982 1257 1067 Epaminondam

78 1090 81 1097 '
165 1091 302 1176 pecunia
318 1089 593 1174 corrumpendum
615 1104 813 1175 susceperat.
851 1089 915 1148 Hic
936 1100 1167 1172 magno'cum
1188 1109 1258 1173 pon·

166 1190 246 1259 dere
283 1197 353 1258 auri
390 1196 519 1258 Thebas
554 1197 663 1271 venit,
715 1210 748 1259 et
774 1196 948 1278 Micythum
978 1194 1258 1281 adolescentulum

167 1305 310 1390 quinque
346 1303 475 1381 talentis
512 1302 552 1365 ad
589 1325 677 1385 suam
711 1304 865 1388 perduxit
898 1301 1132 1378 voluntatem,
1177 1300 1281 1389 quent'

1204 1421 1259 1471 tum

205 1593 335 1648 Tentata
348 1598 450 1647 autem
466 1586 532 1663 ejus
540 1598 585 1647 est
597 1591 689 1647 obsti·
760 1586 1034 1658 ADiomedonte]
1061 1588 1153 1646 idem
1168 1590 1256 1646 tetar-

166 1663 290 1729 aentia]
310 1662 388 1714 Voti.
407 1661 443 1715 A.
460 1664 617 1733 temptata.
637 1660 691 1716 Est
723 1668 773 1712 tur
786 1659 999 1716 Plutarchusa
1026 1658 1146 1732 ophilo.
1158 1662 1256 1735 regat

166 1749 225 1784 non
243 1729 394 1803 reperitur
419 1728 449 1781 in
473 1731 550 1783 Votr.
575 1732 609 1783 B.
629 1730 688 1803 eie·
725 1726 872 1785 Aelianus
897 1677 1024 1786 Vardd.²
1037 1732 1108 1792 5‚5.
1128 1730 1255 1795 Masone

167 1809 279 1871 gauter.
307 1796 412 1850 Cicero
438 1815 462 1848 t.
487 1793 523 1847 ad
539 1799 619 1850 Fam.
636 1799 688 1870 Ep.
726 1798 1253 1871 quoque'l'beffalorumtyrannoton·

165 1885 192 1934 q.
213 1883 291 1918 num.
308 1867 351 1922 33.
375 1863 692 1921 Recreatienimhoni
725 1874 833 1932 tatum,
873 1876 996 1920 narrant
1023 1858 1250 1922 Plutarchus!

167 1934 224 1990 uiri
241 1932 400 1989 consulatu
417 1942 484 1997 tuo,
503 1941 531 1988 et
549 1942 689 1990 constan·
726 1950 750 1987 e.
774 1942 804 1985 ct
827 1932 974 1989 Aelianus
996 1955 1044 1989 ιι.
1063 1934 1097 2003 ’9.
1133 1946 1167 1987 ut
1186 1929 1250 1987 etde

106 2054 108 2059 .
165 2003 294 2060 tissimis
314 2010 402 2074 utque
422 2001 546 2078 optimis
563 2004 689 2059 actioni·
719 1999 883 2084 Pelopida,
909 2003 1068 2057 Phocione
1084 2013 1116 2071 et
1132 1999 1250 2077 Ephislc

164 2072 221 2127 dus
237 2071 453 2155 tuis'excitati,
476 2071 528 2124 Cn.
545 2068 691 2152 Pompey'o
725 2069 832 2125 similia
848 2070 951 2124 refert.
970 2071 1103 2133 Rosius.
1233 2135 1240 2151 ο

164 2138 692 2280 tit5⁸ttitt.ti.ttttsstt.ttttt2
728 2136 1249 2287 ni?·t¹.⁵t2..·.³‘tt.⁰.'t..‘¹,sft”ftt

165 2279 247 2343 tivo,
274 2278 314 2330 ita
330 2276 407 2330 enim
428 2274 471 2330 ibi
489 2293 524 2330 ex
540 2276 602 2333 Mc.
619 2277 691 2351 legi·
725 2228 827 2331 Boeds
859 2294 925 2349 rog.
955 2278 1157 2333 Artaxerxis
1185 2288 1248 2349 regu

165 2356 225 2417 tur.
263 2343 364 2410 Vide,
400 2361 474 2417 quae
499 2363 555 2398 oon
576 2346 631 2400 essi
656 2343 692 2398 ad
728 2342 782 2427 Ep.
795 2363 914 2400 carrum
936 2383 944 2399 .
967 2347 1071 2400 omiss‘a
1088 2363 1171 2400 voce
1184 2358 1250 2417 pecc·

165 2411 437 2486 Aristidemcapa.
461 2361 585 2470 numg.
614 2417 690 2468 Heu·
727 2430 875 2468 marnoa
921 2434 961 2469 se.
978 2416 1058 2469 Dan.
1071 2414 1249 2471 Mirtum:

166 2482 300 2608 titt
321 2484 460 2606 titt.
482 2481 580 2605 titt.
592 2481 691 2604 titi?
726 2478 1251 2609 ttitiit..M.²'⁶'t-²?.⁸.{z.it⁰tt

166 2605 371 2683 latumfuiss'e,
399 2632 428 2675 et
445 2612 476 2672 in
495 2618 552 2674 hoc
570 2618 689 2681 Codice,
720 2617 795 2672 sius.
815 2588 944 2675 ’Nomen
958 2620 1089 2692 Micythi
1109 2620 1144 2673 iri
1161 2614 1252 2672 hachi-

165 2689 243 2743 utin
265 2687 426 2765 Ax'eniano,
448 2687 525 2760 legi:
560 2690 691 2744 Tentata
725 2684 812 2766 [toria
834 2687 937 2742 frustra
958 2688 1114 2763 quaesivi.
1136 2684 1254 2765 celebra

168 2764 267 2813 autem
285 2763 329 2812 est
338 2774 403 2828 eyus
417 2755 615 2814 abstinentia.
626 2758 691 2811 Non
726 2753 858 2827 ttffimnm
881 2774 954 2810 vero
985 2775 1104 2812 nornen
1132 2749 1254 2825 thta

166 2837 264 2880 tamen
298 2841 406 2896 operae
438 2827 568 2896 pretium
603 2824 689 2886 duxi,
725 2823 805 2877 'servi
823 2824 901 2878 illius
914 2823 1010 2880 tidelis
1027 2825 1172 2881 Anaxilai
1189 2823 1255 2880 Rhe-

168 2891 261 2948 Codd.
275 2892 304 2943 in
320 2892 633 2963 publicaBibliotbcca
643 2891 691 2945 ad·
727 2889 865 2962 giuorum
876 2894 1004 2962 tyranni.
1023 2893 1062 2947 de
1082 2888 1255 2968 q‘uoiatisti·¹

168 2970 299 3014 servatos
324 2959 360 3010 ab
383 2961 499 3034 integro
527 2962 691 3023 consulare,
726 2975 772 3011 mc
788 2959 955 3015 Herodotus
971 2962 1113 3016 Libani.
1126 2980 1192 3038 cap.
1205 2974 1254 3026 ryo-

168 3027 235 3080 dum
250 3044 421 3100 persuasum
436 3030 507 3083 mihi
523 3031 630 3090 habeo,
647 3045 692 3081 mc
727 3036 756 3078 et
769 3027 919 3083 Diodorus
943 3029 1063 3084 Siculus
1090 3022 1161 3085 Lib.
1176 3050 1216 3085 ιι.
1232 3043 1254 3079 t·

168 3096 240 3148 meis
260 3093 353 3148 oculis
376 3115 492 3172 semper
514 3098 590 3151 bene
609 3115 694 3151 usum
727 3094 768 3148 66.
793 3097 901 3151 Strabo
917 3098 983 3152 Lib.
1006 3119 1049 3153 vr.
1079 3117 1152 3172 pag.
1168 3099 1255 3156 ma

105 3226 108 3237 Ι
168 3163 198 3214 in
215 3163 271 3216 hoc
286 3161 396 3218 Codice
409 3185 468 3221 non
481 3167 620 3239 reperisse
637 3171 689 3220 est.
728 3179 786 3244 quo
807 3166 1114 3241 Meffenaoprinceps
1139 3170 1170 3223 iu
1189 3164 1254 3222 Sici·

166 3232 237 3286 Mox
251 3250 307 3316 pro
325 3243 354 3288 et
370 3235 542 3306 Micythum
560 3231 642 3287 Leid.
653 3251 691 3289 m.
726 3231 766 3284 lna
783 3243 916 3287 vocatur.
941 3235 1071 3289 Justinus
1088 3237 1160 3292 Lib.
1179 3254 1220 3289 nv.
1232 3248 1254 3284 t·

167 3299 346 3358 Admzbitte.
365 3305 443 3358 Voss'.
461 3304 494 3357 Α.
514 3302 690 3359 Micbitum.
727 3317 753 3355 a.
776 3301 947 3357 Macrobius
961 3303 1029 3356 Lib.
1052 3324 1080 3359 1.
1113 3298 1253 3362 Saturni.

83 3414 85 3418 .
166 3372 200 3426 Β.
222 3369 420 3427 Michittnm.
438 3372 569 3427 Verbum
585 3369 691 3445 perdu-
727 3385 841 3441 cap.xr.
858 3385 925 3444 pag.
937 3389 993 3439 197.
1014 3374 1071 3445 qui
1082 3371 1254 3437 audistine

168 3458 234 3495 cere
248 3442 404 3514 proprium
421 3442 451 3494 in
467 3442 520 3495 hac
536 3457 578 3493 rc.
604 3443 691 3512 Hygi·
727 3438 878 3511 Olympiae
895 3457 1006 3493 summa
1023 3458 1098 3495 cum
1117 3435 1252 3512 tranquil·

167 3527 221 3562 nus
235 3509 346 3579 fabty.
357 3509 513 3572 Phaedra,
527 3510 648 3565 Minois
649 3509 690 3573 fi·
726 3505 808 3560 litate
819 3506 1015 3589 consenuiffcy
1039 3521 1154 3574 contra
1167 3510 1250 3562 Hero·

167 3577 231 3644 lia,
255 3579 362 3637 Thesei
378 3599 475 3644 uxor,
497 3578 557 3651 Hip
579 3576 692 3649 clytum
727 3574 788 3629 doti
827 3587 856 3630 et
890 3577 1051 3631 Pausaniae
1085 3573 1242 3632 testimonia

166 3649 342 3724 priuignum
386 3667 471 3705 suum
524 3667 542 3702 a
566 3648 689 3701 amauit.
725 3654 761 3725 ut
784 3644 851 3726 iam·
871 3642 994 3699 ostendit
1018 3647 1201 3720 ,Weiselinp
1222 3607 1252 3721 {d

171 3719 267 3793 Quem
289 3737 356 3773 cum
389 3738 451 3773 non
481 3718 628 3789 potuisset
652 3712 693 3770 ad
725 3711 852 3769 Diodori
876 3713 984 3768 locum.
1020 3716 1109 3769 Dece
1132 3727 1179 3770 tus
1203 3710 1250 3765 ont

167 3806 256 3844 suam
294 3784 460 3857 perducere
495 3784 690 3840 uoluntatem.
725 3781 1090 3856 Macrobius‚quia,te1te
1135 3779 1249 3838 erodoto

167 3855 278 3925 [Recte
295 3855 493 3928 Heusingerus
509 3865 593 3909 notat
608 3851 691 3907 lecti·
726 3861 755 3904 et
769 3851 929 3915 Pausania,
955 3850 1109 3920 Micythus
1131 3848 1248 3922 complu·

167 3940 253 3980 onem
264 3924 329 3978 cod.
345 3923 436 3981 aren.
452 3923 581 3980 Tentata
590 3927 691 3977 autem
725 3936 773 3973 res
783 3918 934 3993 Olympiae
943 3918 1051 3974 statuas
1061 3915 1246 3978 consecravib

166 3990 284 4066 estey'us
298 3993 375 4047 abst.
396 3997 470 4048 'Tum
486 3993 562 4047 idem
577 3989 690 4046 Micti-
725 3986 823 4043 sedet
843 3988 868 4043 is
892 3987 1059 4058 Smicythus
1076 4008 1095 4045 a
1118 3983 1246 4063 Psusuiq

166 4071 247 4125 tuna,
265 4080 332 4114 mox
349 4060 515 4126 Michitus,
538 4059 690 4115 otMichi-
724 4066 858 4114 vocatur.
877 4053 953 4112 Vide
969 4056 1096 4114 ultimos
1113 4052 1244 4114 Herodoti

78 4141 79 4144 ’
166 4137 205 4187 te.
225 4130 354 4185 Mosche.
396 4132 452 4183 Gn.
474 4134 548 4183 Dan.
575 4127 690 4184 Micbi·
727 4124 1244 4203 ctDiodoriinterpretesundehaqt

166 4205 240 4255 tum.
265 4199 322 4256 Ult.
337 4207 369 4256 ut
384 4195 493 4254 editum
508 4201 579 4257 est]
726 4211 779 4251 sua
810 4191 847 4250 do
875 4193 932 4250 hoc
963 4193 1102 4267 Micytho
1128 4197 1243 4253 haunt

835 4314 840 4320 .
914 4308 919 4335 ,
1000 4304 1008 4311 -
