2594 4644
117 321 138 363 n
190 302 209 375 ᾗ
315 344 320 353 1
409 293 889 367 PRAEFATIO.

58 597 61 602 Α
118 513 328 586 obedientes
350 514 543 602 babuerit,
577 532 618 586 ut
640 514 806 614 plurimis
827 513 916 584 loeis
932 510 1104 622 Auctoris
1123 535 1211 583 ma·v

116 662 206 710 num
228 638 377 739 prorsus¹
393 639 639 711 oblitteratam
662 639 801 724 rideas,
831 653 872 715 ¹et
892 633 1104 707 Cornelium
1120 658 1199 704 sae·

115 764 254 863 pissime
273 763 311 834 in
335 764 506 836 Cornelio
528 763 705 861 requiras.
730 814 734 823 .
756 761 874 858 Quam
901 756 1068 830 fraudem
1086 783 1199 855 quum

114 887 273 986 primum
294 886 471 984 sagaciter
495 887 670 958 odoratus
695 886 779 957 ellet
802 877 1088 955 accuratilfimae
1101 881 1196 955 doc·

114 1012 232 1096 trinae
251 1010 306 1082 vir
312 1063 323 1099 ,
350 1014 408 1084 Jo.
421 1010 532 1083 Mioh.
551 1011 802 1106 Heusingerus,
835 1031 956 1104 neque
977 1023 1103 1077 tamon
1124 1007 1196 1076 sin*-

111 1125 200 1231 'gula
218 1137 294 1233 ejus
316 1135 462 1232 vestigia
481 1135 530 1206 ob
552 1137 789 1234 antiquorum
811 1133 1060 1231 exemplorum
1080 1157 1196 1231 penu·

112 1258 205 1329 riam
225 1260 395 1359 persequi
416 1258 607 1358 potuillet,
645 1286 723 1332 non
751 1259 867 1330 multo
895 1249 976 1356 post
1002 1255 1204 1329 laudabilis·

111 1384 270 1456 Fischeri
283 1384 321 1459 in
341 1383 559 1456 adnotandis
574 1383 769 1473 librorum,
796 1401 880 1455 ante
896 1382 1117 1458 Lambinum
1130 1384 1204 1452 im»-

111 1508 314 1606 prellorum
325 1554 336 1596 ,
370 1503 588 1580 lectionibus
608 1509 798 1606 diligentia
821 1506 1008 1605 egregium
1031 1505 1078 1575 ad
1101 1503 1193 1603 diju·

110 1630 306 1705 dicandam
335 1634 431 1705 hane
463 1659 555 1705 rom.
573 1634 822 1731 adjumentum
860 1629 992 1701 attulit.
1055 1627 1193 1729 Quibus

109 1757 281 1829 Fischeri'
295 1759 411 1858 copiis
432 1785 545 1856 quum
563 1757 603 1826 in
623 1755 746 1827 nostra
760 1754 923 1827 editione
942 1771 1117 1825 aoettrata
1129 1753 1207 1827 Ul«.

18 1876 27 1891 ⁸
109 1882 293 1977 trajeotini
318 1881 476 1980 exempli
499 1881 649 1953 collatio
673 1878 877 1967 accelierit,
920 1879 1054 1975 idjam
1079 1870 1194 1977 opera

100 2005 230 2103 'nostra
262 2004 433 2078 effectum
460 2005 528 2076 elle
556 2004 740 2092 arbitror,
777 2021 818 2073 ut
830 2055 841 2091 ‚
875 2001 908 2073 si'
934 2029 956 2074 a
974 2002 1214 2107 paucissimis!

27 2114 30 2119 ¹
106 2127 198 2220 loeis
223 2108 388 2211 discedes
398 2180 410 2219 ,
455 2129 546 2228 quid
567 2128 606 2198 in
624 2124 791 2200 'Cornelii
816 2128 908 2202 Vitis
934 2124 1112 2196 librorum
1128 2151 1191 2195 au·

107 2252 298 2341 ctoritate,
329 2254 418 2352 quid
434 2252 570 2351 ingenii
595 2278 665 2352 ope
693 2251 924 2322 emendatum
944 2248 1075 2339 fuerit,
1097 2224 1217 2321 ubi·¹

105 2399 176 2472 que
205 2376 327 2448 dicere
354 2377 483 2478 pollis,
519 2403 589 2448 neo
608 2393 757 2477 praeter
774 2374 963 2447 Juntinam
978 2374 1189 2465 editionem,
1206 2358 1210 2365 ⁵

104 2522 215 2597 qnam
239 2490 431 2572 tamenab
456 2502 593 2574 Aldina
622 2523 752 2601 parum
771 2499 827 2571 rel
851 2499 943 2569 nihil
965 2497 1112 2569 differre
1132 2512 1190 2570 sui

102 2599 376 2723 prediximus,
415 2625 530 2697 ullum
556 2651 599 2696 ex
632 2625 678 2698 iis
685 2650 707 2713 ,¹
736 2610 1044 2722 quae-Lambinus
1066 2620 1190 2693 vidore

100 2748 244 2846 potuit,
281 2747 452 2848 exemplis
466 2749 647 2848 supersit,
684 2748 786 2846 eujus
805 2743 1083 2831 lectionesnon
1104 2770 1188 2816 exa·

101 2871 260 2944 minatae
283 2891 427 2945 etcum
457 2870 799 2971 vulgatoAuotoris
826 2885 926 2941 textu
951 2885 1215 2969 comparatae·

101 2995 185 3070 sint.
330 3096 334 3109 1

199 3140 409 3241 constitutis
419 3198 430 3236 ,
460 3162 640 3247 quantum
659 3173 731 3248 pro
749 3144 878 3223 virium
888 3138 1091 3236 nostrarum
1106 3171 1186 3216 mo·

98 3266 147 3342 do
171 3266 379 3377 potuimus,
409 3274 572 3353 Cornelii
589 3270 707 3353 verbis
718 3325 730 3364 ‚
770 3273 816 3344 ad
838 3255 1082 3369 Interpretuin
1106 3254 1216 3342 anis

96 3395 361 3468 madverfiones
371 3446 383 3486 ,
410 3423 506 3499 quae
524 3396 740 3473 Staveriana
758 3396 921 3469 editione
936 3393 1185 3487 continentur,
1215 3402 1218 3407 '

96 3520 288 3594 emendate
305 3519 561 3621 exprimendas
584 3542 621 3596 et
634 3506 927 3622 'locupletandae
944 3516 1099 3592 studium
1115 3547 1183 3593 no·

94 3640 204 3717 strum
229 3642 476 3736 contulimus,
503 3641 542 3719 in
568 3657 643 3748 qua
660 3630 709 3718 're
732 3645 886 3719 multum
908 3642 1047 3718 laboris
1072 3644 1184 3725 uobis

96 3766 384 3842 exhauriendum
406 3767 487 3842 suit.
527 3776 622 3844 Nam
645 3766 1034 3870 quumadnotationes
1048 3768 1131 3844 illas
1143 3772 1184 3842 in

94 3894 310 3967 Staveriana
330 3891 491 3968 editione
513 3896 715 3971 admodum
734 3896 865 3971 vitiose
885 3894 1040 3983 excusas,
1067 3895 1181 3966 immo

92 4014 258 4116 integros
285 4018 469 4092 interdum
493 4014 693 4093 versiculos
717 4019 862 4093 omillos
891 4021 960 4091 elle
982 4019 1179 4091 intellexis-

93 4165 232 4236 semus,
258 4142 306 4220 od
324 4144 402 4248 ipsa
420 4143 612 4238 Lambini,
640 4144 855 4234 Gebhardi,
881 4144 1072 4234 Boecleri,
1105 4147 1179 4217 B'o·
1201 4150 1206 4161 '
