2594 4644
118 311 216 356 uma
432 284 889 365 TESTIMONIA.

115 501 157 563 ad
176 497 310 564 {etatem
332 498 470 562 nollram
495 518 560 561 non
585 515 820 582 pervenerunt,
851 501 1187 585 comprehendentem,

115 611 331 670 Romanorum
349 606 539 691 Imperatori
559 605 746 670 Theodosio
768 606 955 689 inscriptum
972 607 1084 670 fuisset
1105 611 1199 675 unde

113 716 231 776 merito
248 713 286 773 in
301 713 387 774 coloe
406 712 586 796 Burgenois
602 695 794 795 exemplaris
807 696 899 774 'MSti
910 698 1045 775 relatum
1054 714 1094 776 ad
1104 715 1191 780 The-¹

115 818 256 882 odolium
280 818 474 902 epigramma
501 816 709 896 (hoc-etiam
733 819 770 880 in
791 818 912 882 vetusto
931 819 995 880 alio
1014 816 1189 905 exemplari

77 940 81 949 “
114 925 264 993 Venetiio
282 925 315 1013 in
331 924 528 987 bibliotheca
544 925 584 983 I).
605 925 737 986 Antonii
753 925 895 1008 legitur)
925 938 1011 1008 tenq.
1026 925 1061 986 in
1076 926 1192 991 limine

114 1033 247 1095 alterius
264 1031 342 1094 libri
359 1028 545 1095 'theodosio
562 1028 659 1091 dicati
679 1030 844 1092 habeatur.
887 1033 929 1091 Et
947 1030 1026 1093 haec
1048 1047 1123 1094 tunt
1138 1052 1189 1095 ar.

114 1153 280 1224 gumenta‚
312 1136 428 1222 quibua
454 1133 582 1197 suaderi
607 1134 727 1218 potest,
759 1138 909 1211 (lentham
927 1136 1047 1198 Probum
1061 1158 1128 1201 non
1149 1145 1186 1203 T.

113 1247 226 1328 Pomp.
244 1243 343 1312 Attici
361 1254 482 1313 aetate,
513 1241 571 1301 aod
599 1240 657 1299 sub
683 1240 880 1303 Theodosiis
899 1257 930 1303 et
950 1245 1187 1343 recentiorihut

112 1354 214 1434 impp.
232 1347 386 1410 floruisse.
429 1346 614 1408 Contrarias
633 1365 713 1407 vero
729 1362 838 1431 partos
855 1351 883 1410 si
902 1349 974 1432 quis
989 1350 1075 1411 tueri
1094 1352 1184 1427 velit,

111 1455 164 1517 his
189 1453 291 1538 potest
318 1469 434 1533 contra!
462 1454 522 1515 niti
548 1468 581 1515 et
605 1453 760 1515 disserere
786 1456 993 1536 argumentis.
1041 1458 1188 1523 ¹Primum

25 1591 40 1602 ·
66 1552 69 1559 ¹
111 1545 225 1646 Pomp.
243 1562 343 1631 Attici
360 1574 392 1623 ot
418 1559 586 1623 Ciceronis
613 1574 714 1622 aetate
735 1559 876 1644 floruisse
896 1559 1015 1620 Probum
1032 1552 1186 1640 nostruma

112 1667 361 1730 demonstratur:
389 1667 477 1752 quod
501 1667 627 1749 vulgata
650 1666 761 1748 operis
781 1666 972 1747 inscriptio,
1005 1683 1038 1729 et
1054 1671 1187 1734 Catonis

110 1774 192 1846 vita,
218 1776 311 1855 Pomp.
326 1776 414 1835 Attici
429 1780 571 1857 apertam
587 1773 784 1832 mentionem
801 1772 983 1834 contineat:
1014 1790 1101 1857 quae·
1116 1778 1189 1839 loca

110 1894 280 1967 corrupta,
303 1893 337 1942 et
351 1878 485 1962 mendis·
495 1878 652 1940 maculosa
674 1879 748 1951 else,
771 1898 811 1938 ex
818 1877 901 1936 nuda
914 1867 1096 1959 conjectura
1108 1903 1188 1944 con·

21 2032 28 2055 χ
108 1986 244 2049 tendisse
264 2008 329 2049 non
345 1986 448 2049 datur.
490 1985 631 2067 Accedit
640 1983 769 2049 dicendi
783 1981 904 2066 phrasis
912 1983 1108 2067 etloquendi
1116 2006 1187 2049 mo.

41 2078 46 2094 ’
109 2091 187 2165 dus,
210 2073 284 2155 meo
304 2074 433 2180 quidem
449 2090 571 2172 judicio
586 2091 703 2151 melior
721 2103 753 2150 et
771 2089 950 2171 elegantior
975 2090 1008 2148 in
1027 2089 1089 2152 hoc
1109 2113 1187 2156 auc·
1210 2072 1213 2079 Ι

107 2213 191 2271 tore,
215 2221 309 2283 quam
325 2201 360 2259 in
370 2200 411 2260 iis
421 2199 617 2281 reperiatur,
641 2194 1187 2279 quiTheodosrorumsaeculoscri.

81 2341 93 2391 '.
106 2304 258 2387 pserunt,
281 2325 353 2376 cum
369 2307 438 2389 Lat.
456 2303 583 2385 linguae
602 2302 739 2384 dignitas
759 2293 981 2372 obsolerilset¹
1012 2316 1045 2363 et
1063 2296 1191 2367 candor

106 2409 274 2471 barbarica
290 2409 424 2494 quadam
442 2409 533 2472 saece
552 2410 630 2470 esset
649 2409 883 2492 coinquinatus.
926 2407 978 2468 Ad
999 2407 1078 2470 haec
1103 2413 1186 2473 cita.

106 2514 228 2576 turmo
254 2517 390 2598 Aemylii
416 2514 518 2580 Probi
537 2515 893 2577 libe1·aP1uta1·ehoin
913 2515 1070 2576 amicae
1095 2517 1186 2595 (nm
1220 2502 1226 2509 ’

23 2640 26 2644 ·
104 2623 324 2684 crecentiore
351 2624 677 2706 quopiam-auctore,
714 2643 845 2684 avorum
858 2619 1041 2705 ¹nostrorum
1058 2642 1184 2686 merno-

103 2726 169 2801 ria,
192 2727 361 2791 Annibalis
375 2729 440 2793 vita
456 2729 555 2803 haec,
579 2749 659 2821 quae
676 2729 709 2788 in
727 2728 890 2788 Plutarchi
910 2728 1064 2831 familipm
1080 2713 1182 2813 vulgo

102 2833 281 2916 recipitur,
305 2835 485 2920 conscripta
501 2832 568 2914 est)
601 2834 656 2917 qui
671 2834 794 2896 Auctor
812 2832 923 2894 lloruit
941 2849 1088 2917 tempore
1105 2837 1181 2922 Ulp.

101 2938 230 3019 Trojani
247 2944 324 3026 Imp.
350 2943 405 3026 qui
431 2962 513 3002 anno
539 2941 693 3001 humanae
714 2939 825 3001 salutis
844 2941 1021 3002 centesimo
1041 2930 1196 3025 im'peia.'

47 3096 50 3105 .
102 3066 139 3106 re
160 3047 287 3128 coepit:
310 3048 361 3107 cui
378 3062 572 3131 praeceptor
586 3047 664 3118 suit,
697 3059 729 3107 et
755 3046 892 3107 Politica
916 3068 989 3120 sua,
1025 3061 1060 3107 ut
1077 3049 1181 3110 nemi·

2 3171 9 3195 i
99 3171 174 3212 nem
191 3149 283 3226 latet,
306 3151 486 3237 descripsit,
509 3152 633 3234 aliaque
651 3152 780 3215 ditavit.
824 3142 952 3234 Traiani
972 3175 1051 3215 vero
1072 3155 1179 3238 impe·
1222 3152 1225 3157 ’

99 3261 185 3320 rium
201 3259 277 3343 plus·
292 3258 391 3320 nimio
408 3282 425 3319 a
442 3260 548 3343 primo
566 3257 749 3321 Theodosii
762 3260 908 3320 Senioris
928 3261 1065 3344 imperio
1082 3260 1181 3324 disci·

98 3375 166 3426 turn
185 3363 245 3437 est,
268 3385 385 3448 nempe
400 3366 490 3425 annis
508 3365 657 3429 ducentis
679 3364 841 3449 octoginta
860 3366 982 3441 tribus,
1013 3382 1047 3429 ut
1065 3389 1105 3429 ex
1120 3388 1179 3461 ves

44 3500 47 3507 ·
99 3471 146 3542 ris
155 3477 337 3554 temporum
353 3471 634 3555 supputationibus
644 3474 846 3556 vulgatisque
862 3474 1088 3558 Chronologiio
1100 3494 1178 3558 cog·

97 3597 238 3640 noscere
255 3578 343 3640 licet.
385 3576 478 3638 Adde
499 3579 586 3660 quod
609 3581 769 3653 Galenus,
803 3582 877 3662 qui,
909 3596 944 3642 ut
962 3581 1119 3643 Eusebius
1141 3581 1176 3641 in
1202 3652 1206 3661 ³

31 3669 34 3679 ’
99 3682 272 3746 Chronieis
287 3684 435 3758 testatur,
464 3706 547 3746 anno
567 3708 584 3745 a
607 3688 716 3749 salutis
735 3687 858 3750 nostrae
879 3689 1013 3750 exordio
1033 3688 1175 3749 centesi-

92 3807 152 3849 iuo
173 3788 418 3874 quadragesimo
434 3790 541 3876 primo
561 3791 716 3868 florebat,
747 3796 782 3855 in
797 3797 883 3856 libro
904 3797 944 3857 ‹le
962 3796 1118 3858 Theriaoa
1135 3793 1175 3857 ad

98 3894 250 3960 Pisonem
271 3896 383 3981 (quod
400 3899 435 3958 in
452 3899 721 3964 Annotationibue
740 3901 856 3964 nostris
873 3903 908 3963 in
923 3905 1024 3991 Probi
1040 3902 1175 3964 Praesa-

85 4000 220 4072 ,tionem
238 4001 428 4084 docuimus)
456 4005 551 4085 hujus
570 4006 654 4066 Probi
676 4007 842 4081 historiae,
866 4010 932 4069 nisi
951 4008 1065 4079 fallor,
1097 4029 1173 4090 aup-

97 4107 328 4196 pt'elso‘tamen
344 4110 485 4173 auctoris
503 4112 633 4174 nomine
653 4127 690 4178 et
703 4113 780 4176 libri
797 4115 910 4189 titulo,
929 4104 1095 4176 meminitt
1117 4132 1173 4175 cu·
