2594 4644
760 66 769 91 Ι

785 126 838 159 ,γ

49 371 55 381 ,
102 254 218 363 sm„
256 293 502 362 ιιιιιιιιιιο
523 292 740 357 emmens
763 282 943 359 steven.
964 289 1149 356 emotus,

141 394 1215 447 .--...-..---Ᾱ----------

134 507 219 586 uasto
208 527 275 565 coru
288 524 302 560 c
301 495 361 576 aff
348 520 373 558 ι
390 497 440 579 effi
459 499 633 589 censendum,
656 520 706 560 aut
718 500 752 559 de
765 499 862 578 fide
833 520 894 578 esus
909 498 1111 573 dubitandum,
1138 499 1213 590 quod

134 627 320 687 nonnunquam
338 609 367 665 in
392 605 504 665 Graecis
520 602 656 671 vocabulis
671 607 811 667 vertendis
823 605 917 688 fiterio
932 604 1039 685 lapsus‚·
1060 604 1130 665 iliad
1142 608 1215 665 euim

132 717 229 774 uitium
247 719 271 772 ei
291 735 350 774 cum
362 717 469 795 optimis
476 713 659 794 scriptoribus·
675 734 809 774 commune
819 711 921 795 saise,
939 711 1010 795 settis
1017 711 1153 794 superque
1163 714 1212 774 dt·

14 824 20 833 ’
66 817 88 905 ι’
129 820 288 898 mortsiraoit
317 822 473 883 Academiae
494 821 627 901 Lugduuo
650 821 773 880 Batavae
792 820 925 900 quondam
942 819 1021 880 decus
1039 818 1077 898 J.
1094 821 1211 881 Perizo-

131 912 210 1008 nius,
234 945 266 985 ut
283 927 320 985 ad
341 927 482 988 Phocionis
502 930 588 987 uitem
602 943 659 1006 cop.
667 933 698 1000 lq.
712 927 808 989 docui.

214 1154 396 1236 Certisimum
411 1163 502 1240 itaque
516 1158 600 1234 earu,
624 1180 704 1242 etque
715 1159 885 1242 purifflmum
894 1162 1072 1245 scriptorem,
1090 1161 1142 1244 sed
1158 1167 1210 1222 rui·
1230 1240 1233 1251 Ι

123 1257 185 1342 sere
204 1287 220 1324 n
236 1265 360 1326 librariis
374 1285 518 1342 vexatum,
542 1287 606 1329 eura
620 1266 672 1350 soto
686 1266 773 1349 prisco
791 1271 876 1328 nitori
895 1267 1035 1345 restituere
1048 1289 1099 1330 reon
1112 1248 1208 1352 insoli-
1228 1262 1232 1283 ¹

71 1386 74 1391 '
106 1380 197 1435 *ct'ter
215 1372 379 1455 careatisuut
390 1383 494 1455 partim
511 1378 551 1448 ii,
572 1374 609 1434 de
625 1373 720 1456 quibus
728 1360 856 1455 superius
871 1373 1112 1467 metttionemftci,
1138 1393 1210 1456 por·
1242 1366 1245 1371 ¹

129 1485 179 1542 tim
198 1479 248 1540 aiii
267 1500 347 1561 quam
365 1481 480 1562 plurimi
495 1485 570 1555 uiri,
601 1483 739 1563 praeclara
763 1481 827 1541 oiim
841 1482 918 1562 Reip.
940 1483 1076 1572 literatior
1094 1481 1208 1556 lumina,

131 1607 245 1668 quorum
262 1578 503 1648 varias'edieioms
527 1588 662 1668 recensent
683 1589 727 1651 D.
746 1589 783 1652 G.
808 1586 965 1669 Morbofiut
988 1586 1117 1666 Polybist.
1133 1579 1210 1649 Lite.

39 1707 69 1741 ·-
127 1712 188 1756 rar.
211 1693 284 1759 Lib.
299 1703 330 1769 lp.
354 1715 422 1783 cap.
446 1717 492 1756 ιι.
516 1695 545 1776 s.
575 1715 622 1779 ιο.
645 1695 728 1772 etJ.
743 1698 781 1757 A.
800 1691 938 1777 Fabricius
957 1691 1088 1754 Bibliatb.
1112 1696 1205 1758 Latin.

88 1804 96 1823 ⁸
125 1799 200 1861 Lib.
217 1823 242 1860 ι.
266 1818 335 1887 cap.
352 1804 382 1866 b.
404 1820 456 1883 qut
445 1803 591 1884 pluribus
608 1802 642 1862 de
658 1799 764 1877 Nepote
778 1805 901 1878 egerunt.
935 1798 1016 1857 Inter
1029 1802 1232 1876 omnesverof

62 1933 79 1981 .'
126 1926 194 1988 quas
212 1909 300 1968 Docti
322 1908 396 1969 nobis
416 1927 621 1989 procurarunt,
653 1903 801 1976 editiones,
831 1908 928 1963 eminet
944 1902 991 1963 iiia
1011 1903 1063 1980 Jo.
1081 1906 1210 1967 Andreae

126 1995 205 2077 Bosii
226 2016 456 2091 adnotationibus,
483 2035 513 2075 ac
537 2007 769 2083 lruubmtiouibur
783 2007 927 2088 secundis,
963 2008 1130 2094 aliorumque
1146 2019 1209 2075 arti-

125 2118 350 2202 madoers'ouibus
368 2119 544 2201 locupletata,
577 2115 667 2192 Jenat
684 2118 721 2178 A.
742 2113 829 2194 1675.
853 2120 926 2199 typis
948 2116 1079 2199 expresso.
1123 2124 1207 2206 Opti.

35 2262 40 2269 -
124 2245 288 2309 utum-eam,
301 2288 305 2295 ,
319 2245 347 2286 et
368 2223 401 2284 ab
420 2225 558 2309 Erubris
573 2225 622 2283 diu
645 2219 821 2303 defideratam
842 2225 987 2286 editionem
1006 2237 1065 2286 tum
1080 2228 1209 2288 recudere

43 2402 46 2407 .
112 2335 155 2390 iu
171 2333 287 2396 animum
312 2328 451 2391 induceret
476 2326 695 2413 diligentifflmur
713 2329 931 2407 Lucbtmannus‚
963 2316 1060 2414 eique,
1090 2333 1209 2396 utiliius

12 2428 20 2441 ’
125 2453 217 2498 euram
227 2438 404 2521 susciperem,
422 2444 499 2498 enixe
516 2438 556 2498 me
573 2458 700 2521 rogaret,
725 2437 774 2497 diu
792 2437 864 2498 haesi
878 2438 996 2514 dubius,
1018 2440 1134 2501 oblatam
1148 2434 1218 2502 con.x

106 2543 254 2603 ditionem
270 2549 462 2627 neuportum,
494 2567 528 2607 ou
543 2546 708 2628 recusutum
730 2544 875 2626 sorbicitum
898 2551 968 2608 enim
992 2569 1033 2607 mc
1050 2552 1136 2610 tenuit
1155 2569 1210 2609 ttou

125 2667 210 2721 uarius
231 2671 334 2726 metus,
356 2674 389 2713 ne
402 2653 548 2734 aliquando
566 2672 658 2712 eorum
671 2671 781 2713 numero
796 2650 927 2728 haberer,
960 2658 1009 2736 qui
1033 2659 1127 2735 quouis
1139 2671 1208 2735 pr-e

125 2758 163 2814 tio
182 2761 258 2837 quoti
273 2758 437 2835 coredueti,
439 2763 602 2840 quorumvis
613 2716 797 2842 scriptortim,
828 2763 857 2818 in
881 2741 977 2841 quibus
1003 2759 1105 2821 trullam
1128 2781 1210 2822 atttea

123 2864 231 2943 operam
252 2864 419 2945 posuerunt,
455 2872 620 2928 curationem
640 2866 764 2946 arripere
780 2885 834 2925 uon
852 2864 990 2930 dubitant.
1031 2865 1117 2949 ¹Qud
1137 2884 1208 2949 pru-t

122 2989 187 3029 vum
206 2970 358 3047 irtsiitututu
375 2973 429 3054 ipse
450 2995 513 3034 cane
531 2975 611 3055 pejus
626 2991 653 3030 et
668 2991 753 3052 angue
766 2967 873 3052 smper
893 2972 939 3030 odi
949 3014 958 3044 ,
988 2976 1084 3053 quippe
1101 2976 1135 3060 p'n
1153 2977 1210 3056 Op.

125 3081 253 3137 timorum
266 3080 415 3140 Auctorum
432 3084 577 3161 perniciem
589 3122 598 3154 ,
612 3086 649 3155 'et
670 3078 748 3157 Reip.
770 3079 909 3138 literariae
924 3079 1050 3143 dumetum
1068 3083 1144 3161 urtice
1158 3101 1209 3140 ex.

123 3189 278 3267 cogitatum.
319 3189 448 3248 Attamen
470 3207 569 3246 mecum
594 3185 790 3267 perpendens,
824 3188 993 3260 Auctorem,
1030 3205 1109 3247 curae
1137 3206 1212 3246 meae

122 3293 361 3368 eommittertdum,
383 3291 433 3373 effi
456 3292 611 3354 Cornelium
629 3292 781 3378 Nepotem,
800 3290 961 3371 scriptorem
979 3293 1084 3372 quidem
1102 3282 1210 3374 elegen.

67 3440 73 3453 .
126 3394 269 3477 trfflmum,
292 3383 322 3458 et
332 3405 419 3460 uariis
433 3400 643 3482 antiquitatibus
660 3399 794 3482 refertum
804 3421 815 3469 ,-
843 3396 894 3478 sed
904 3440 913 3470 ‚
935 3401 997 3479 quia
1008 3401 1114 3478 primns
1136 3399 1174 3479 esi
1195 3421 1211 3460 e

124 3505 232 3569 Laeicns
248 3506 443 3587 scriptoribus,
477 3528 553 3588 quem
576 3509 613 3568 ad
639 3508 820 3568 Romanorum
841 3504 986 3607 elegantius
1013 3508 1069 3564 rite
1095 3526 1208 3589 cognot-

1 3642 2 3645 ¹
76 3691 82 3697 ι
124 3614 242 3671 merdas
231 3634 261 3673 ιιι
271 3633 378 3673 manum
384 3612 547 3696 sumpse,
527 3635 590 3695 pam
610 3616 659 3676 diu
678 3612 743 3673 ntibi
756 3611 852 3692 fami
842 3633 926 3674 tarem
947 3613 1106 3687 redditum,
1136 3620 1210 3678 inte-

25 3781 29 3789 ,
120 3722 237 3800 gerrimt'
253 3694 421 3803 bibliopolae
437 3725 508 3783 uotis
516 3719 724 3807 sentinosum,
720 3737 750 3778 ac
772 3739 878 3783 martum
893 3719 956 3782 buie
970 3724 1045 3805 operi
1066 3720 1210 3785 admovere
1236 3784 1241 3791 ,

27 3928 31 3933 ,
94 3822 274 3947 *nouom

211 4058 250 4118 Ut
264 4059 328 4138 jam
354 4062 423 4132 riona
447 4061 509 4122 baec
538 4058 620 4118 editio
638 4059 815 4141 perimuntque
837 4080 892 4120 meo
909 4018 1001 4138 ,pudic
1023 4015 1103 4143 atque
1127 4078 1210 4140 opera

64 4258 67 4267 Ι
124 4163 214 4248 potiit
230 4169 354 4231 ottnnor
371 4168 515 4261 prodiret,
539 4162 558 4228 e'
569 4185 686 4251 quatuor
706 4166 841 4232 codicibus
857 4169 969 4246 MSS.,
993 4181 1113 4253 qaorum
1126 4168 1212 4255 »usim

104 4343 129 4374 l
