2594 4644
201 242 204 247 ’
262 254 719 337 xit-euasfflas.
771 244 959 338 cinit.
1042 270 1175 369 =tat·

15 491 21 527 ¹
64 475 251 538 sontissima
271 488 447 563 pugnaret,
489 476 597 549 navis,
634 491 742 559 nostro
762 496 936 566 percussa,
972 476 1082 559 caepit
1103 475 1148 539 si·

10 578 18 631 i
65 581 161 646 ciero.
203 582 289 666 Hinc
317 581 470 664 refugare
498 602 595 669 quum
621 597 754 672 posset,
796 584 825 646 si
855 603 890 645 sa
919 583 953 647 in
980 581 1187 657 mace-de-a'

65 689 218 771 jecisset,
261 688 349 770 quod
377 687 507 753 suberat
535 687 649 749 classis
678 686 946 762 Atheniensium,
989 711 1070 773 quae
1092 712 1148 754 ex-

66 797 196 885 ciperet
213 806 392 867 natantes,
434 792 546 882 parire
581 793 710 868 maluit,
754 814 847 884 quam
880 795 978 861 almis
1012 795 1147 879 abjectis

62 1025 110 1098 (p.
120 1025 204 1090 aas.)
217 1021 254 1080 rie
273 1021 548 1096 industrio'quieti,
562 1031 593 1080 et
624 1026 880 1082 nieniumclaisem
893 1027 1147 1090 successiiiet.Bo·
1185 1016 1187 1027 ¹

62 1091 246 1169 pauentibus
274 1089 408 1157 similes,
440 1092 538 1149 donec
557 1094 592 1149 iu
625 1095 697 1150 sius.
717 1094 1148 1170 Voff.B..Hincrefugere.eum

64 1162 241 1217 artissimas
245 1159 352 1232 fauces
360 1171 528 1234 penetraret
536 1180 590 1236 og·
625 1182 686 1219 non
699 1171 809 1237 posset.
838 1166 900 1218 Pro
916 1167 950 1220 in
967 1183 1053 1220 mare
1067 1164 1146 1221 Vos.

61 1248 149 1285 men.
179 1230 245 1283 Lib.
262 1232 287 1284 b.
313 1245 440 1301 capas.
462 1229 590 1286 Torren-
624 1234 706 1287 B.in
723 1233 814 1287 mari.
841 1220 917 1303 [Uli.
935 1230 1146 1287 utBoiiusedi·

62 1304 169 1370 terque
185 1302 215 1367 et
231 1295 341 1353 eluvies
355 1299 413 1352 iter
428 1297 590 1354 moraban-
625 1298 677 1353 dit.
702 1302 757 1354 Gu.
776 1301 855 1357 Hinc
868 1300 1005 1375 refugere
1012 1318 1078 1356 cum
1086 1316 1148 1356 non
1192 1350 1196 1358 ,

62 1371 136 1432 tur,
162 1363 247 1420 nullo
270 1372 372 1421 tamen
396 1364 482 1422 boste
505 1365 591 1422 obuio
624 1375 743 1441 posset,
763 1368 874 1424 sisci.
891 1389 932 1424 m.
948 1368 977 1423 d.
999 1369 1145 1423 Lambini·

62 1433 246 1507 penetrauit.
272 1434 378 1488 Cicero
394 1452 451 1510 pro
465 1435 589 1489 Archia:
625 1453 679 1507 ana
696 1437 785 1490 lectio
803 1437 861 1502 iam
882 1438 913 1491 in
931 1435 997 1507 ald.
1017 1446 1048 1491 et
1066 1439 1145 1510 Mag.

66 1503 182 1574 Cupere
212 1497 378 1565 debemus,
412 1514 469 1622 pua
490 1504 591 1559 minus
625 1503 695 1558 edit.
709 1505 905 1576 repetitum]
1145 1550 1148 1555 .

64 1586 216 1627 manuum
226 1577 399 1625 nostrarum
430 1568 479 1625 ela
493 1590 590 1644 perce·
660 1573 822 1631 Natantisi
851 1573 900 1628 Sic
918 1589 1036 1647 quoque
1054 1589 1070 1625 e
1086 1572 1148 1626 suis

66 1638 182 1704 nerim,
200 1636 303 1695 eodem
311 1634 448 1711 gloriam
456 1635 589 1706 famam·
626 1640 710 1694 codd.
728 1639 868 1711 Gifanius
888 1658 922 1694 ac
944 1639 1011 1712 Pet.
1030 1636 1149 1696 Daniel
1240 1700 1244 1707 ,

64 1724 124 1787 que
139 1716 305 1779 penetrare.
328 1703 514 1763 Gebhardus.
626 1707 824 1763 emendarunt.
859 1710 957 1783 Vulgo
978 1709 1016 1762 est
1036 1715 1148 1765 natatu

103 1773 197 1833 Navis
210 1782 308 1830 rostro
322 1770 485 1856 percussa]
502 1775 591 1830 Navis
626 1783 697 1833 tem.
721 1776 767 1829 Est
789 1787 884 1829 autem
902 1777 1083 1830 accusativus
1099 1793 1149 1829 an-

65 1842 213 1898 ssbabniae
228 1843 321 1898 nostro
339 1840 522 1898 adversariae
541 1860 591 1898 na·
626 1846 735 1918 tiquus.
750 1844 870 1899 Rosius.
901 1845 983 1898 Leid.
999 1845 1145 1902 notantis.

64 1912 113 1966 ria
131 1911 199 1963 iota.
217 1909 395 1970 Lambinus.
624 1916 684 1968 Pro
703 1913 853 1986 exciperet
873 1913 950 1966 Voti.
972 1916 1006 1967 B.
1033 1914 1147 1987 accipe·
1256 1928 1259 1935 ·

103 1976 233 2046 Sidere]
250 1981 309 2039 Pro
331 1977 476 2034 subiiciens
492 1994 526 2033 ac
542 1976 591 2032 de.
626 1988 680 2037 ret.
708 1980 766 2037 Sed
785 1982 936 2054 exciperet
952 1979 1145 2034 retinendum.

63 2048 170 2120 mergi.
210 2049 276 2103 Non
299 2046 497 2112 dissimulaho,
525 2064 591 2101 mac
624 2049 726 2102 Livius
756 2048 821 2102 Lib.
845 2065 1028 2123 1v.eap.19.
1051 2045 1148 2134 Quem
1193 2091 1195 2095 .

64 2117 98 2174 in
121 2114 186 2169 cod.
212 2115 352 2188 seriptum
370 2113 590 2180 suiffcficiere:
626 2135 714 2191 quum
743 2117 836 2170 ictum
866 2134 939 2188 equo
971 2114 1148 2192 dejecisset,-

63 2194 99 2239 ut
106 2181 231 2249 findere
245 2185 383 2256 reperiffe
398 2183 538 2237 librarius
550 2183 591 2235 vi·
626 2182 785 2254 confestim
799 2191 831 2249 et
846 2185 910 2250 ipse
926 2185 1149 2243 bastoinicixus

63 2251 179 2307 dentur.
213 2253 337 2305 Retineo
358 2263 454 2306 tamen
483 2251 590 2309 sidere.
627 2258 706 2311 sein
726 2251 815 2327 pedes
832 2253 954 2324 excepit.
988 2255 1057 2310 Via.
1081 2257 1148 2309 Ser·

63 2320 146 2378 Pedo
170 2321 369 2374 Albinovanus
394 2318 473 2394 apud
491 2319 591 2376 Sene·
626 2323 707 2377 vium
724 2320 761 2375 ad
781 2320 865 2393 virg.
884 2323 910 2376 3.
935 2321 1008 2384 Aen.
1031 2342 1075 2378 vs.
1087 2323 1148 2390 317.

63 2406 135 2447 cam
152 2388 244 2450 Rbet.
268 2386 393 2442 Suasor.
412 2407 435 2444 1.
464 2389 533 2444 Jam
552 2391 592 2445 si-
627 2392 721 2456 [Dan.
746 2390 804 2445 Uit.
827 2390 990 2443 natanteis.
1023 2391 1079 2445 Gn.
1094 2409 1147 2445 na·

63 2454 374 2530 derelimoNacigia,
386 2456 532 2529 etrapido
543 2457 592 2513 eie-
615 2460 734 2529 ·tantis.
752 2456 805 2510 Ax.
822 2467 851 2509 et
870 2455 942 2530 editi
955 2468 1020 2511 anta
1033 2458 1148 2513 Boiium

46 2526 315 2590 ‘sertomflumine
330 2522 467 2582 classem.
476 2527 589 2581 Schott.
627 2544 744 2581 omnes:
763 2522 951 2590 natantem]

64 2591 169 2655 fidere
182 2595 266 2647 ctiam
282 2593 361 2648 Voff.
380 2593 415 2649 A.
660 2594 764 2651 Armis
782 2590 929 2667 objectis]
947 2587 1036 2671 Quod
1049 2594 1086 2647 eii
1098 2591 1163 2659 fla„

99 2661 180 2719 Hinc
205 2660 343 2734 refugere
364 2676 460 2740 apicum¹
467 2658 589 2744 posset]
625 2663 728 2734 gitium
746 2662 873 2714 militare
891 2671 919 2712 et
936 2662 1040 2733 capitis
1052 2677 1148 2783 poena

61 2729 154 2789 Plane
169 2748 229 2783 non
245 2747 318 2802 opus
332 2728 371 2781 est
384 2732 474 2800 Magn
494 2746 589 2783 emen·
625 2729 808 2804 expiandum.
843 2731 915 2783 Nam
930 2727 1037 2781 strenui
1064 2727 1147 2794 audis

61 2795 201 2862 datione,
227 2815 284 2872 qua
304 2815 366 2853 non
387 2798 545 2870 expungit,
565 2797 588 2852 si
625 2816 658 2852 ac
679 2798 794 2851 decoris
810 2794 927 2849 studiosi
944 2796 1071 2864 milites,
1100 2814 1145 2850 ae·
1240 2826 1243 2831 ·

61 2882 130 2923 cum
152 2866 294 2921 Lambino
318 2875 346 2917 ct
369 2865 434 2941 aliis
456 2865 588 2937 legimus,
625 2864 956 2942 queutmembrorum‚
983 2865 1042 2919 imo
1058 2881 1145 2938 pene,

61 2935 127 2992 nisi
142 2952 173 2991 se
186 2935 219 2992 in
235 2931 499 3005 maredeyecisset.
517 2935 588 2987 Ern-
625 2945 656 2987 ut
671 2933 783 2987 animae
793 2948 871 2996 suae,
890 2948 1038 2986 armorum
1047 2951 1147 2987 curam
1255 2958 1259 2965 ¹

10 3012 12 3017 '
59 3001 139 3059 ttius.
165 3003 214 3057 Sic
232 3001 341 3057 diserte
358 3002 449 3057 codex
466 3000 588 3056 Gifanii.
626 3012 738 3074 gerunt.
765 2998 1145 3068 Diodor.14.Toivbi‹pev-

18 3110 25 3129 ,
50 3068 188 3125 *Codices
213 3086 331 3143 quoque
353 3072 427 3123 Dan.
453 3079 481 3122 et
501 3069 590 3131 (teste
624 3070 739 3140 pamas
757 3069 803 3120 ini
821 3067 873 3122 τὸν
896 3069 1030 3132 ποταμὸν
1051 3072 1080 3122 oi
1095 3071 1147 3132 μὲν

62 3136 218 3205 Piscario,
236 3133 368 3195 Pericul.
384 3139 485 3194 Critic.
495 3155 520 3191 c.
533 3139 589 3204 ιο.)
625 3136 835 3205 ἀνδρειότατοι
864 3136 937 3197 μετὰ
962 3143 1020 3192 aaa
1043 3134 1147 3191 ὅπλων
1210 3187 1211 3191 ,

59 3207 233 3261 Bavericiz'
252 3207 331 3262 Hinc
359 3223 426 3263 cum
451 3202 590 3280 refugere
624 3206 813 3271 ὁιενέχοντο,
836 3204 889 3270 τὴν
921 3206 1092 3260 πανοπλίαν
1117 3203 1147 3260 ἐν

59 3280 176 3349 posset,
211 3274 352 3330 Piccarta
379 3286 407 3329 ct
429 3273 589 3333 Gebhardo
622 3275 679 3340 imp
695 3272 811 3340 noterio
826 3272 927 3395 patric
941 3279 1145 3343 προτιμῶντες.
1210 3303 1221 3321 s

56 3343 269 3417 probantibus.
304 3344 406 3414 Itaque
428 3362 487 3397 non
502 3342 588 3398 dubi·
623 3342 733 3396 Seneca
750 3341 824 3412 (Epi
850 3345 951 3407 .120.)
970 3340 1005 3393 de
1021 3341 1144 3394 Horatio

56 3412 135 3477 tavi,
151 3411 274 3485 negandi
289 3413 463 3483 particulam
480 3429 586 3484 expun-
623 3410 752 3463 Coclite:
773 3413 842 3466 Non
851 3413 951 3466 minus
959 3407 1103 3473 solicitus,
1114 3414 1146 3463 ut

58 3496 147 3553 gere:
167 3481 339 3552 praesertim
357 3498 422 3533 cnm
442 3497 542 3533 sensus
557 3477 588 3535 id
623 3484 778 3542 armatus,
843 3497 893 3533 am
914 3485 948 3532 ut
966 3475 1143 3533 saluuseoei-
1189 3514 1192 3523 ·

55 3548 238 3619 remuneret.
270 3548 439 3604 Lambinus
456 3547 586 3617 corrige-
622 3547 676 3600 re't.
702 3549 746 3599 Dc
765 3547 801 3600 Hi
816 3546 898 3618 panis
914 3543 1038 3598 Justinus
1055 3549 1100 3610 44,
1117 3562 1144 3609 a,

55 3614 126 3671 bat:
152 3615 225 3671 binc
241 3635 308 3671 cum
326 3615 379 3687 ref.
402 3635 463 3672 non
501 3616 589 3674 arisi
621 3615 649 3669 5.
679 3611 828 3669 Plurimis
850 3611 1000 3668 militares
1024 3632 1040 3669 e
1078 3615 1091 3669 i
1115 3618 1146 3669 et

58 3701 95 3742 se
118 3683 151 3738 in
168 3703 254 3741 mare
275 3679 368 3756 dejec.
405 3633 587 3762 Quobrecte
623 3699 711 3737 arina
729 3682 1019 3757 sanguinecariora.
1065 3681 1143 3738 cCa·

60 3749 263 3819 Gebhardus,
291 3763 323 3807 ut
347 3751 480 3808 Cornelii
496 3751 585 3805 menti
621 3749 700 3803 tonis
716 3750 778 3805 filio
794 3749 861 3804 vide
879 3749 977 3803 Juttin.
994 3751 1044 3815 33,
1064 3768 1096 3812 a,
1114 3750 1141 3806 3.

57 3818 230 3884 adversum,
259 3821 367 3888 rejicit.
403 3820 475 3877 Vult
498 3820 586 3885 enim,
622 3822 687 3885 ‘ib-
709 3818 809 3875 Valer.
823 3817 940 3874 Maxim.
950 3816 1143 3884 suismet.-

57 3888 174 3960 inquit,
194 3889 309 3960 Nepos,
328 3888 458 3961 effugere
468 3889 586 3946 exitium
614 3884 748 3944 bardus.
772 3886 857 3944 adde
869 3884 1012 3953 Stewech.
1027 3893 1090 3941 not.
1109 3887 1143 3941 in

57 3956 220 4012 Chabriam
234 3958 371 4029 potuiiie:
390 3974 495 4031 nempe
507 3957 585 4013 siae·
627 3956 774 4028 ἣξεις,
801 3961 842 4025 ι4.
872 3958 1005 4030 Berneg.
1027 3961 1139 4026 quaest.

59 4024 117 4081 mis
133 4025 225 4082 exutis
242 4025 586 4096 atqucabjectisinmaro
619 4023 748 4080 miscell.
769 4042 811 4093 oo.
833 4043 869 4081 ac
888 4031 949 4080 not.
973 4020 1015 4083 aci
1030 4022 1141 4079 iussin.

59 4109 92 4153 se
103 4092 271 4154 immisiiiet,
291 4102 320 4145 ct
332 4091 458 4150 natando
470 4110 587 4167 parum-
620 4093 671 4164 (p.
680 4093 761 4160 eia.)
779 4093 823 4157 33,
838 4111 865 4158 a,
876 4095 903 4148 3.
918 4104 946 4148 et
960 4089 1141 4159 Peticicom,

56 4176 115 4240 per
124 4158 162 4219 ab
170 4156 246 4218 haud
253 4160 360 4240 procul
370 4160 584 4236 bantembthc·
619 4165 713 4221 ment.
730 4157 1139 4239 ataegmtcsepmsmm.
1183 4168 1185 4172 “
1212 4216 1215 4223 ,
1241 4182 1244 4186 ·
