2594 4644
141 145 196 188 ω
328 160 333 203 .
431 68 953 205 ,resumentes

140 349 177 417 ut
198 333 280 395 nihil
296 332 428 395 attineat
444 332 499 424 illa
521 330 576 391 hic
596 352 759 416 reponere
774 332 811 370 *¹*
823 333 852 414 ).
893 337 963 394 Nee
980 312 1075 391 libris
1099 327 1167 390 iltis
1188 325 1240 389 de
1286 361 1297 445 p

142 444 225 508 viris
249 437 423 502 illustribus
449 437 552 499 solum
572 436 761 521 persecutus
775 437 829 501 esi
846 437 1043 499 excellentes
1055 436 1230 519 imperato·

144 570 217 622 res,
240 546 296 609 sed
320 547 416 608 etiam
433 544 756 607 commentationibus
783 545 899 605 claros.
943 543 1038 638 Quod
1061 560 1224 626 argumen-
1292 546 1293 550 ’

145 661 214 719 tum
234 655 339 738 signat
353 655 393 712 B.
414 652 649 732 Hieronymus,
672 649 874 735 praefatione
893 649 1164 734 descriptoribus
1180 666 1226 708 ec-

146 760 344 826 cleliastieis:
364 759 421 820 ubi
434 762 594 842 Nepotem
613 759 774 820 intereos
792 757 907 830 refert,
930 777 1068 840 quorum
1085 752 1225 843 exemplo

145 883 275 932 aeturus
302 864 409 927 sit'de
433 865 495 939 iis,
519 865 574 948 qui
597 864 770 928 scribendo
796 867 991 928 claruerunt.
1032 862 1111 945 Egit
1129 873 1228 923 autem
1256 858 1261 929 ζ

146 980 257 1058 Nepos
278 986 347 1033 tum
365 971 405 1032 de
433 971 568 1032 Graecis
596 970 826 1055 scriptoribus,
856 987 923 1033 tum
946 970 986 1031 de
1004 970 1142 1042 Latinis.
1184 969 1233 1028 Do

90 1090 92 1113 ¹
135 1081 308 1153 ,Graecis,
331 1076 452 1159 colligo
473 1075 574 1149 inde,
604 1078 690 1161 quod
708 1079 744 1138 in
768 1079 887 1140 Dionis
905 1077 972 1138 vita
989 1075 1098 1150 dicate
1114 1074 1231 1136 librum

149 1209 186 1250 se
203 1186 314 1248 fecitte
333 1184 373 1245 de
390 1180 565 1243 illustribus
581 1183 742 1247 historicis
761 1186 915 1257 Graecis,
938 1184 973 1244 in
994 1204 1058 1267 quo
1073 1183 1164 1243 inter
1177 1179 1234 1242 alia

145 1270 353 1354 tractaritde
368 1288 500 1352 Philisto
519 1289 683 1351 historico.
725 1292 776 1352 De
799 1292 943 1366 Latinis,
966 1284 1236 1374 argumentosum

147 1395 484 1418 W
515 1426 518 1431 .

184 1442 244 1509 nit,
264 1441 400 1499 Vitarum
412 1439 572 1493 nostrarum
584 1450 613 1493 ct
633 1451 834 1512 argumentum
850 1452 879 1495 et
898 1439 1034 1495 ordinem
1046 1433 1184 1511 plurimis
1197 1433 1238 1486 lo·
1289 1470 1295 1497 -,

123 1558 128 1572 Χ
150 1550 158 1563 ,
185 1511 228 1564 cis
255 1518 386 1563 secutum
417 1508 510 1561 fuisse.
554 1509 656 1580 Itaque
689 1510 720 1561 in
750 1509 854 1564 mediis
881 1507 1095 1562 Atheniensium
1117 1501 1241 1570 ducibus

183 1577 263 1632 Dion
274 1611 283 1643 ,
307 1577 535 1649 Syracusanae,
554 1577 632 1635 inter
654 1577 804 1631 Cononem
823 1580 877 1632 etl
900 1577 1041 1630 hieratam
1056 1573 1240 1639 interjectus,

148 1674 152 1679 ·
170 1683 173 1687 -
186 1646 576 1718 conspiciturnquamquam
589 1645 668 1696 illam
682 1647 787 1701 Dionis
800 1657 978 1701 mentionem
994 1641 1166 1704 alibrario‚
1183 1654 1244 1690 maa

110 1766 112 1770 ,
184 1713 214 1767 Ic
235 1713 348 1780 sedulo,
363 1713 545 1787 Nepotisque
570 1713 623 1769 sui.
638 1713 762 1767 nimium
778 1732 927 1781 memore,
966 1713 1140 1766 inculcatam
1160 1705 1244 1760 suilIc

186 1781 326 1857 auspicari
340 1781 449 1857 aliquia
462 1782 554 1853 possit.
573 1783 652 1834 Haec
668 1793 762 1836 autem
778 1802 867 1856 quum
882 1784 918 1837 de
931 1780 1049 1835 Aemilii
1064 1777 1158 1834 Probi
1172 1791 1243 1846 ope-

152 1864 166 1887 ·’
185 1867 221 1905 ra
236 1850 307 1903 mihi
323 1849 472 1904 statuenda
487 1851 541 1902 olle
557 1849 728 1917 videantur,
748 1851 897 1905 doctissimi
912 1851 987 1915 viri,
1010 1850 1045 1902 G.
1063 1849 1098 1900 F.
1112 1843 1245 1911 Rtncaii,

187 1920 379 1983 sententiam,
397 1918 553 1992 diligenter
567 1919 746 1991 multumque
756 1920 939 1994 pensitatam,
959 1917 1090 1992 probare
1100 1931 1160 1968 uon
1174 1929 1244 1986 pos-

149 2014 157 2029 ··
189 2005 268 2050 sum,
288 1988 339 2059 qui
357 1987 385 2039 in
403 1987 483 2040 libro
495 1986 605 2050 ,cuius
620 2005 707 2058 supra
725 1988 755 2040 in
770 1989 958 2043 Praefatione
976 1984 1041 2038 adn.
1059 2003 1102 2054 ²7·
1118 1983 1245 2034 mentio·

187 2073 256 2109 nem
275 2055 413 2120 fecimus,
432 2054 588 2107 Aemilium
604 2055 735 2108 Probum
753 2057 957 2127 excellentium
971 2056 1190 2127 Imperatorum
1203 2049 1246 2104 vi·

151 2154 154 2159 >
189 2133 233 2176 tas
250 2125 305 2176 sub
324 2122 456 2178 Cornelii
471 2121 592 2194 Nepotis
629 2125 730 2176 ersona
745 2125 897 2198 scripsisse,
923 2123 1051 2179 versibus
1065 2138 1113 2175 sae
1138 2135 1246 2172 ecem-

152 2222 155 2227 ·
188 2193 361 2246 memoratis
377 2189 534 2258 adductus,
554 2139 700 2245 exiliimat.
721 2195 785 2246 Hoc
805 2195 883 2248 enim
903 2192 926 2247 si
947 2192 1044 2245 facere
1061 2193 1120 2243 Pro
1144 2205 1179 2240 us
1194 2205 1246 2240 vo-

154 2290 172 2303 ··
189 2260 302 2329 luisset,
329 2277 390 2313 nou
409 2258 517 2325 video,
545 2277 597 2312 cur
608 2277 668 2312 non
683 2262 815 2316 Cornelii
832 2261 951 2335 potius,
971 2277 1056 2332 quam
1070 2257 1176 2330 ipsius,
1195 2273 1248 2310 no·

190 2345 259 2382 men
280 2328 434 2383 codicibus
457 2344 544 2380 manu
563 2327 681 2400 scriptis
697 2329 892 2403 praepositum
911 2330 966 2393 sit,
995 2343 1091 2400 neque
1110 2341 1249 2396 umquam

190 2396 369 2469 persuadere
392 2396 462 2448 mibi
483 2407 609 2469 potero,
635 2397 765 2450 eumdem
783 2399 949 2466 hominem,
975 2395 1023 2469 qui
1044 2394 1145 2449 versus
1165 2393 1249 2459 ilios,

152 2478 157 2489 ‘
192 2478 320 2536 quorum
337 2465 527 2537 quotverba,
545 2463 739 2519 totidemsere
753 2467 825 2519 vitia
840 2477 869 2519 et
884 2466 1012 2539 ineptiae
1027 2472 1109 2529 sunt,
1129 2478 1249 2536 compo·

192 2536 270 2600 suit,
288 2533 522 2606 elegantissimas,
544 2532 568 2586 si
580 2532 646 2585 loca
659 2535 799 2587 nonnulla
815 2535 960 2607 excipias,
978 2534 1195 2603 Imperatorum
1209 2530 1251 2585 vi-

157 2632 162 2639 ·
192 2611 238 2655 tas
254 2601 457 2675 conscripsisse.
472 2601 617 2654 'Rincltius
628 2600 687 2672 ipse
702 2605 723 2655 l.
739 2621 763 2655 e.
778 2621 845 2676 pag.
855 2606 900 2670 43.
917 2614 979 2657 not.
994 2599 1041 2670 (p.
1055 2601 1100 2655 ³8.
1114 2618 1159 2673 sq.
1170 2616 1249 2655 vers.

158 2672 307 2743 '1germ.)
333 2670 391 2723 duo
406 2669 566 2742 postremos
581 2672 718 2725 carminis
738 2672 837 2724 versus
851 2689 868 2723 a
887 2669 1013 2726 librario
1035 2667 1168 2734 adiutos,
1189 2684 1251 2720 non

158 2766 168 2775 ·
193 2755 212 2790 a
228 2738 329 2792 Probo
344 2740 470 2809 scriptos
484 2736 761 2804 fuisse-arbitratur,
776 2758 850 2812 quos
865 2752 962 2795 tamen
974 2755 1028 2808 ego
1044 2747 1072 2790 et
1084 2735 1208 2791 materia
1223 2745 1251 2788 et

197 2807 333 2859 orations
347 2816 513 2859 ceterorum
528 2807 568 2860 ita
582 2805 690 2860 similes
704 2808 847 2880 cognovi,
864 2821 897 2864 ut
910 2809 1053 2862 exeadem
1068 2804 1188 2869 officina
1204 2821 1251 2858 ex·

173 2914 176 2919 .
196 2874 259 2926 iilic
269 2885 419 2946 appareat.
442 2876 577 2928 Ceterum
592 2872 708 2928 Itineliii
719 2878 890 2930 senteutiam
900 2880 955 2945 jam
967 2883 1164 2951 oppugnatam
1174 2890 1251 2926 com·

162 2974 168 2983 ·
195 2942 262 3015 peri
285 2941 398 2997 adoele
411 2941 531 3003 Koben,
551 2945 608 2995 Ter
629 2943 734 3007 estino,
755 2945 894 3012 Inlibrc,
915 2947 995 3011 eujus
1013 2949 1081 3000 baec
1096 2941 1250 3012 inscriptio

198 3010 252 3064 cll:
264 3010 521 3065 'Considerozioni
540 3009 584 3064 sul
601 2957 722 3086 soggio
738 3011 770 3069 di
785 3030 836 3068 un‘
849 3018 960 3070 Esurne
974 3014 1078 3070 critico
1093 3008 1143 3066 del
1159 3010 1197 3068 Si
1243 3049 1250 3065 .

163 3096 183 3117 ···
200 3079 234 3134 G.
255 3079 281 3135 F.
307 3079 409 3134 ltinck
428 3077 550 3134 Bedese
569 3099 622 3152 per
636 3081 789 3138 restituire
809 3083 852 3139 ad
870 3082 983 3138 Emilio
1004 3078 1105 3138 Probo
1126 3077 1152 3134 il
1173 3027 1251 3137 ligpo

152 3147 157 3152 '
181 3147 237 3203 ’ἀι
251 3149 312 3202 citu
330 3146 435 3203 excell.
448 3148 679 3218 Imperatorum.
701 3150 884 3208 Mediolani.
899 3152 1009 3222 1819.8.
1052 3166 1126 3222 agg.
1141 3169 1184 3219 70·
1195 3146 1254 3204 Sed

102 3244 109 3258 ·
198 3216 331 3270 nondum
344 3217 431 3270 nobis
444 3216 529 3282 hujus
544 3217 613 3270 libri
628 3217 799 3298 inspiciendi
816 3222 902 3292 copia
914 3220 990 3274 sacta
1007 3169 1074 3289 es]

166 3306 216 3388 ιὕ)
235 3307 524 3377 ΑτΙοηὶἰΟοᾶίοεῐη,
559 3313 885 3386 aMag'ioinspectum‚
922 3313 1082 3382 significat,
1114 3311 1152 3367 ad
1172 3312 1253 3378 cuius

113 3402 126 3430 ‘
166 3390 183 3449 ’,
200 3377 310 3430 θθῖθῦῐῐῑ
337 3377 390 3447 (V-
417 3381 531 3451 supra)
567 3379 638 3433 haec
669 3381 778 3452 scripta
807 3394 905 3436 erant:
945 3380 1130 3454 completum
1162 3387 1208 3437 est
1224 3398 1252 3435 o-

191 3454 256 3524 'py‘s
265 3444 394 3518 Aemy'tit
408 3446 503 3504 Probi
514 3447 646 3505 Cornelii
656 3451 795 3520 Nepotis,
815 3452 845 3504 in
856 3471 911 3525 qua
922 3442 1261 3524 subscriptioneprima!

200 3524 278 3566 rrum
300 3514 440 3570 Rinelsius
465 3517 626 3571 sentcntiae
644 3535 713 3572 suae
730 3515 939 3576 firmamentum
963 3520 1085 3593 positum
1103 3518 1251 3572 existimet.

181 3580 264 3662 ,Iigo
281 3600 315 3635 cx
326 3577 371 3636 hii
386 3585 486 3639 verbis
502 3585 577 3638 nihil
591 3584 670 3638 aliud
686 3583 785 3660 colligi
802 3591 882 3661 polsc
898 3593 1020 3652 censeo,
1047 3588 1104 3642 nisi
1121 3588 1196 3656 boc,
1223 3586 1254 3638 in

166 3657 182 3735 f,
201 3648 255 3704 ¹¹¹⁰
271 3648 384 3723 Arimis
402 3652 522 3718 ⁰⁰d500a
538 3652 614 3707 ut'in
630 3653 782 3725 plerisque
798 3658 880 3721 aliia,
899 3678 963 3712 eum
979 3659 1197 3730 Imperatorum
1211 3654 1253 3708 vi·

156 3718 259 3793 .','II⁸s
279 3728 350 3792 quas
362 3721 548 3775 membranae
565 3718 694 3777 Aemilio
708 3721 809 3779 Probo
827 3727 979 3791 tribuunt,
1000 3724 1119 3780 Catonis
1135 3735 1164 3778 et
1179 3723 1252 3778 Atti·

169 3794 186 3857 ”.
204 3803 232 3840 ⁰¹
248 3787 354 3855 ’'5¹³³‘’
372 3803 387 3838 ὃ
406 3789 544 3845 Cornelio
561 3789 716 3861 scriptam,
735 3794 919 3858 conjunctam
937 3795 1039 3855 fuisse,
1058 3803 1090 3846 ut
1107 3810 1179 3847 vere
1195 3792 1252 3846 lib·

171 3856 301 3935 th'rprius
310 3854 434 3911 Aemilii
446 3856 541 3914 Probi
553 3870 581 3914 et
595 3857 727 3916 Cornelii
741 3863 865 3936 Nepotis
879 3881 952 3937 opus
968 3862 1054 3915 inesse
1069 3859 1253 3933 scripserit]

171 3918 336 4021 Isdf-'Ifliaee
351 3948 418 4004 loca
441 3950 580 4006 Rioeltius
599 3971 632 4036 p,
647 3957 691 4013 53.
710 3956 722 4020 (
728 3977 758 4031 p.
777 3957 822 4025 48.
842 3975 920 4011 vera.
939 3958 1052 4030 germ.)
1071 3954 1108 4008 ab
1125 3952 1255 4008 Aemilio

172 4010 323 4105 nimiis
343 4034 429 4092 quem
450 4033 485 4073 0¹
502 4021 633 4077 Cornelis
652 4027 777 4096 persona
791 4027 1006 4100 Imperatorum
1021 4023 1105 4084 Vitas
1123 4022 1255 4097 scripsis-
