2594 4644
382 60 815 196 rutrlnontn.
1074 129 1139 175 xcv

78 323 171 389 mles
191 326 340 400 Probus,
365 327 520 409 pleraque
536 325 642 386 omnia
658 323 725 405 ejus
736 325 890 387 ‘facinora
905 326 1141 408 ignoraremusa

74 429 157 495 laitio
173 431 245 514 ejus
260 432 346 496 vitae
366 431 450 516 apud
463 429 609 496 Probum
628 430 766 514 legitur:
790 435 836 492 De
851 454 904 513 quo
921 433 968 502 hoc
982 433 1063 514 plura
1076 448 1140 495 cat.

14 602 21 642 t
72 538 214 607 Ceterum
229 552 263 602 et
278 524 389 601 inhac
404 538 484 601 etin
500 538 571 600 aliis
588 537 736 600 omnibus
755 537 831 599 ritis
847 537 911 600 duo
927 539 1050 601 diversi
1061 540 1141 601 scri-

69 659 174 730 ptores
189 638 327 708 maxime
346 659 522 728 apparent,
541 645 629 730 quod
643 664 710 706 non
724 644 847 726 poterit
862 664 928 705 non
938 645 1073 723 videro,
1084 648 1143 731 qui

28 762 32 767 '
66 751 189 838 phralin
206 751 348 816 exaotim
362 750 585 814 considerabit.
615 755 725 835 ltaque
740 769 801 812 nos
816 750 989 833 Epitomen
1003 753 1143 836 Nepotis.
1224 746 1227 751 ’

62 861 146 927 aare
171 859 389 949 agnoscimus.
625 844 628 851 ¹

356 1010 498 1082 IDEM
544 996 846 1084 BARTHIUS

12 1100 20 1155 ¹.
68 1108 73 1115 “
151 1137 206 1209 ,ὴ
220 1136 409 1195 mmmm
428 1131 464 1190 ad
480 1131 564 1191 Statii
579 1130 627 1193 lib.
644 1153 681 1192 11.
699 1114 841 1193 ‘Thebaid
859 1155 932 1194 vers.
952 1151 1025 1213 1190,

138 1266 236 1328 diem.
247 1264 376 1327 Probus
392 1263 427 1323 in
436 1263 572 1346 Nepotis
591 1263 819 1328 Themistocle:
858 1267 983 1346 Europae
999 1264 1147 1346 fircmbuia'

61 1366 131 1454 Afiu.
174 1371 387 1454 Propertius:
409 1360 539 1445 Adcujus
548 1371 640 1447 jacuit
659 1370 775 1432 Graecia
792 1372 946 1455 mtafores.
990 1374 1041 1434 De
1057 1353 1143 1434 Pro-x

12 1458 16 1529 i
61 1479 103 1563 lto
118 1476 210 1564 quod
227 1475 312 1550 dixi,
336 1496 409 1538 eum
424 1475 470 1538 ita
484 1474 627 1539 scribere
646 1479 681 1541 in
695 1479 831 1561 Nepotis
842 1478 949 1564 libro,
983 1500 1149 1543 remum-⁵

11 1580 18 1663 f
61 1583 137 1647 uino
153 1604 210 1647 res
233 1579 287 1651 et.-
317 1581 552 1654 'Mirorenim,
588 1594 637 1643 tot
655 1580 770 1647 doctos
786 1598 834 1646 tot
847 1587 998 1669 repetitis
1013 1584 1141 1663 revilis-
1193 1612 1203 1619 ·
1255 1578 1263 1587 ”

11 1668 15 1705 ²
63 1686 123 1774 que
139 1688 341 1753 editionibus
357 1707 424 1749 non
442 1683 630 1761 advertiss'e,
656 1704 746 1752 certe
764 1711 829 1752 non
844 1693 1019 1768 monuille,
1043 1694 1144 1755 multa

63 1795 95 1857 in
114 1794 159 1859 its
172 1786 262 1860 'vitis
285 1797 348 1858 effe
374 1814 486 1880 parum
514 1794 650 1877 Nepotis
676 1814 789 1887 aetum
808 1796 959 1860 ferentia.
981 1846 983 1851 .
1001 1786 1142 1892 Quodsi

65 1904 157 1967 unius
175 1902 307 1987 genium
328 1922 401 1965 cum
424 1901 525 1964 Attici
550 1902 613 1969 vita
627 1900 824 1977 committas,
861 1901 1007 1989 offendas
1030 1906 1143 1989 utiquc

26 2014 33 2023 “
67 2010 176 2072 multas
193 2006 352 2087 salebras,
386 2022 419 2070 et
435 2006 567 2067 minime
589 2024 766 2090 perennem
786 2008 881 2071 illum¹
899 2004 1053 2073 dictionis
1068 1988 1149 2075 caiis-³

69 2113 226 2177 deremet
243 2113 588 2177 illaesamsuaritatem
609 2113 643 2174 in
663 2113 756 2175 docta
771 2128 866 2198 atque
886 2117 1048 2201 prudente
1067 2120 1144 2182 sim·

70 2220 218 2303 plicitate.
240 2225 308 2285 Nee
318 2240 396 2285 vero
412 2221 607 2305 epigramma
617 2206 719 2285 Probi
729 2221 867 2303 patitur,
880 2236 915 2284 ut
923 2244 997 2285 eum
1007 2243 1079 2285 oum
1093 2223 1143 2286 so·
1197 2216 1221 2263 ⁸

72 2327 123 2390 ciis
136 2326 204 2397 suis
220 2329 322 2391 solum
338 2327 573 2411 exscriptorem
589 2325 740 2388 arbitrari
756 2328 918 2411 poffimus.
960 2329 1050 2427 Quid
1058 2333 1145 2395 enim

72 2429 185 2507 frontis·
208 2433 310 2497 inerit
335 2432 459 2495 homini
489 2431 676 2516 philologo,
715 2446 749 2495 et
772 2433 947 2498 adfectanti
971 2437 1145 2509 celebriu-

72 2548 128 2603 lem
139 2538 302 2615 nominis,
337 2560 407 2603 eam
425 2559 524 2623 opera
540 2537 663 2600 scribae
681 2552 735 2601 aut
753 2540 955 2604 amanuensis
973 2543 1171 2629 vulgarict,
1255 2538 1257 2544 ’

73 2646 200 2711 cmtilrili
215 2665 394 2731 quaerere,
418 2659 450 2707 et
469 2644 638 2730 quaelitam
656 2644 741 2708 velle
756 2642 893 2723 jactare,
930 2646 1025 2707 etiam
1044 2647 1151 2711 adsui.
1171 2686 1174 2690 ·

71 2750 104 2815 lis
116 2751 185 2819 suis
200 2752 360 2837 proximis
382 2749 692 2817 neceffitudinibus?
730 2749 797 2816 Sed
817 2749 889 2814 lunt
905 2749 986 2816 haec
1011 2754 1146 2818 alterius

69 2855 145 2935 loci,
161 2872 196 2945 et
215 2873 368 2922 crescunt
384 2858 450 2947 jam
465 2861 499 2922 in
512 2860 725 2923 maturitatem
739 2854 774 2918 in
792 2858 938 2923 armenis
954 2859 1072 2927 nostris
1082 2864 1160 2925 Le·-

69 2967 188 3031 ttioues
203 2967 396 3052 Nepotiuae.

106 3191 113 3199 ⁵
166 3171 194 3211 .‘
442 3108 446 3113 ’
527 3114 689 3175 IDEM

332 3250 335 3255 ·
370 3223 408 3285 ad
431 3221 483 3284 ab:
505 3240 538 3283 v.
572 3219 656 3282 Theb.
680 3239 753 3282 verr.
782 3221 850 3296 145.

8 3380 10 3389 ·
67 3429 75 3443 ,
139 3354 269 3419 invexit
284 3354 319 3416 in
343 3354 511 3425 Graeciam
534 3354 597 3418 hoc
625 3353 704 3437 scuti
738 3374 860 3438 genus,
883 3345 1015 3435 {peltas}
1033 3352 1147 3416 amotis

62 3460 279 3548 vegrandibus
302 3463 441 3548 clypeis,
469 3477 531 3525 cet.
574 3459 771 3546 Iphicrates,
808 3474 843 3522 ut
859 3473 973 3522 auctor
990 3478 1030 3523 ex
1047 3462 1146 3524 Corn.

61 3572 189 3655 llepote
204 3566 364 3632 Aemilius
382 3554 530 3645 Probus,
568 3582 630 3632 cet.
674 3571 709 3630 ln
725 3580 908 3630 eoauctore
922 3564 1054 3653 insignis
1070 3588 1146 3631 eon·
1242 3554 1264 3637 ζ’

60 3676 213 3740 tradictio
231 3670 292 3751 eil,
320 3671 431 3737 eadem
449 3675 526 3738 rita.
572 3678 651 3739 Cum
672 3673 759 3738 enlm
776 3672 973 3757 lphieratcm
995 3662 1196 3748 laudass‘o'tx

60 3783 97 3846 ab
115 3776 320 3858 instruendo,
348 3781 516 3858 docendo,
546 3780 750 3859 exercendo,
789 3776 1013 3847 constituendo
1029 3782 1145 3858 milite,
1256 3853 1262 3862 ⁶

60 3884 191 3973 adjicit:
221 3888 288 3949 fuit
305 3894 335 3958 iu
351 3891 442 3951 labore
463 3889 584 3968 remilfirs
601 3896 701 3964 nimis,
716 3908 865 3972 parumque
874 3894 999 3971 pariens,
1015 3909 1048 3951 ut
1061 3889 1147 3951 Theo-

55 4010 169 4079 pompus
190 3994 325 4075 prodidit.
369 3996 420 4057 An
432 3997 505 4059 talis
526 3996 624 4059 homo
639 3999 784 4081 potuerit
801 3999 899 4060 taloan
916 3994 1145 4060 militam-con·
1190 4032 1203 4055 s
