2594 4644
406 146 868 262 rnsrrubnts.
912 166 982 269 ,’“
1090 199 1188 260 ssu

99 313 1183 347 *nm-..W

95 387 209 452 censet
220 390 400 463 ,libellum
414 392 454 455 de
472 392 553 456 siris
570 395 765 472 illustribus,
785 399 842 484 qui
848 401 961 476 ,Plinio
970 401 1072 464 tribui
1090 405 1186 477 solet,
1226 449 1229 453 .

94 485 247 560 Cornelii
257 496 400 585 Nepotis
413 502 499 577 elle,
520 502 606 565 haud
622 504 740 566 Plinii:
761 519 856 589 atque
871 507 905 567 id
915 509 1080 574 ueteribus
1091 510 1194 574 codd..

93 602 216 667 adstrui
232 606 321 689 poffe
339 609 504 672 elicuerat.
518 656 519 659 ,
544 612 651 675 Etiam
666 613 738 675 lani
754 611 835 677 haec
850 613 1015 678 Parrhasii
1029 615 1187 679 sententia
1235 609 1241 621 ⁸

93 708 181 783 tuit„
216 713 327 774 Utrius
339 715 400 789 sit,
422 715 561 780 dubitari
579 719 623 781 ait
637 717 787 792 Vinctus,
806 740 868 782 nec
885 741 922 782 ea
937 720 977 783 de
996 743 1033 785 re
1049 720 1186 787 statuere
1239 729 1242 732 ’
1265 743 1268 747 ’

94 819 271 902 quicquam
285 821 378 883 ausus
401 821 471 886 ell.'
497 827 565 887 Inso
581 825 681 909 aliqui
712 838 765 886 aut
792 827 998 902 Suetonium,
1023 831 1184 893 cussani·

67 979 70 983 ,
94 937 182 1001 tum,
207 928 276 990 clle'
299 916 480 1004 auctorem,
511 946 683 1015 putarunt:
708 946 743 994 ut
768 932 1065 1016 indicatGyraldus
1082 933 1184 999 dialo-

95 1035 202 1116 gums
220 1037 337 1101 xxvi.
382 1037 448 1100 seu
467 1040 598 1100 omnus
619 1039 692 1129 saus
710 1040 801 1102 sess
814 1041 942 1104 sarens
961 1021 1126 1108 victoris}
1149 1056 1185 1107 n

53 1136 58 1153 '
96 1140 167 1203 latis
185 1162 273 1204 nunc
290 1128 410 1207 constat
427 1166 468 1207 ex
482 1145 628 1208 editione
644 1142 794 1210 Andreae
812 1147 950 1216 schotti.
980 1153 1054 1212 Nou
1070 1149 1185 1213 dubito

96 1248 249 1324 iuterim,
283 1232 363 1333 quin¹
380 1252 536 1337 pleraque
556 1274 595 1314 ex
611 1260 737 1337 Nepote
749 1257 865 1322 Victor
882 1254 1081 1345 desunslerit.
1104 1261 1185 1320 Nam

100 1358 184 1440 quod
200 1358 388 1420 Ludoviaus
406 1359 508 1423 Vives
519 1360 593 1433 ,lib.
605 1363 644 1426 V.
661 1360 702 1422 de
720 1361 887 1425 tradendis
906 1360 1182 1444 disciplinis‚‹Ne·

67 1504 68 1509 κ
99 1479 204 1548 potem
219 1465 282 1537 ait,
302 1461 346 1526 ‘de
364 1465 500 1528 Graecis
519 1466 621 1529 solum
638 1467 774 1532 ducibus
792 1469 972 1554 scripsille,
993 1466 1116 1530 idfatis
1128 1491 1182 1532 rc-

101 1568 221 1634 sellitur
239 1572 352 1635 verbis
369 1572 507 1658 Nepotis
523 1589 615 1637 autea
630 1558 788 1642 adductis.
829 1575 891 1642 Vir
907 1573 1116 1651 doctillimus,
1128 1580 1180 1639 Jo.

101 1661 420 1741 ...ψ-ἶ...-

130 1788 218 1864 Quae
231 1791 333 1863 itaque
349 1788 464 1847 Gellius
477 1791 511 1846 in
528 1787 618 1846 libris-
632 1787 670 1845 cle
686 1789 759 1846 viris
777 1787 949 1845 illustribus
966 1811 998 1850 se
1012 1791 1124 1867 legisse
1138 1790 1182 1849 di.

128 1863 182 1919 stt,
201 1879 241 1918 ea
259 1856 350 1932 uulgo
368 1859 402 1914 in
420 1859 481 1914 uita
501 1860 624 1917 Catonis
639 1860 807 1915 ‘accurrisse
823 1867 971 1916 statuunt.
997 1859 1086 1937 Quod
1104 1859 1189 1917 mibi

127 1930 248 2003 quidem
263 1947 325 1984 non
338 1926 448 2000 placet.
464 1929 606 1985 Primum
618 1928 699 1984 enim
716 1947 755 1983 ea·
770 1946 804 1983 eo
820 1924 913 1991 libro,
935 1945 1021 2001 quem
1042 1930 1080 1986 ‹le
1096 1930 1181 1984 Cata-

128 2019 164 2056 ne
180 1997 351 2073 separatim
369 2016 401 2054 se
418 1999 578 2071 scripsisse·
591 1994 747 2053 Cornelius
761 1998 826 2070 ipse
844 1997 1019 2070 prqfitetur,
1042 1998 1182 2055 desumus

127 2075 287 2125 nonnum.
311 2062 407 2140 (luem
426 2067 508 2122 enim
525 2064 637 2121 librum
656 2072 760 2120 auctor
774 2067 941 2134 separatim
963 2066 1001 2124 de
1019 2068 1133 2136 Catane
1151 2083 1183 2122 se
1213 2128 1215 2132 ι

129 2139 286 2211 scripsisse
300 2136 392 2202 dicit,
411 2133 540 2192 erendem
553 2131 645 2191 simul
660 2136 760 2207 aperis
772 2125 930 2208 cujusdam
944 2134 1181 2213 partemsuisse,

146 2210 193 2264 uis
207 2224 341 2279 unquam
358 2203 542 2279 persuadere
558 2202 618 2258 sibi
632 2203 745 2266 possit?
765 2202 882 2260 Deinde
893 2205 927 2260 in
945 2204 1024 2272 illa,
1041 2224 1117 2279 quae
1130 2222 1183 2260 na·

129 2226 174 2336 lis
191 2282 301 2340 restat,
323 2275 447 2330 Catonis
462 2272 524 2328 uita
543 2272 671 2327 breviari
687 2268 770 2327 locus
784 2271 839 2329 ille
853 2290 947 2345 neque
962 2293 1041 2330 nunc
1056 2273 1181 2349 legitur,

128 2359 400 2428 nequeumquam,
421 2340 459 2397 ab
484 2340 577 2414 liujus
598 2337 697 2396 libelli
710 2340 839 2396 consilio
854 2349 943 2413 atque
957 2349 1067 2401 tenare'
1095 2345 1182 2468 1⁴qu
1240 2407 1244 2422 ι

127 2432 250 2490 prorsus
260 2410 397 2480 alienus,
416 2408 481 2484 legi
489 2410 597 2482 potuit.
619 2407 693 2483 Quis
709 2416 810 2465 antem
821 2408 993 2468 Cornelium
1009 2362 1109 2470 tertie
1144 2426 1181 2467 'a-

128 2493 195 2540 tone
213 2482 368 2554 scripsisse
384 2478 568 2537 arbitretur?
588 2479 738 2533 Desunsta
759 2479 861 2551 itaque
877 2480 977 2552 patius
991 2479 1128 2538 videntur
1143 2499 1183 2536 ea
1259 2499 1263 2506 ·
1282 2492 1286 2500 '

128 2555 189 2610 vita
209 2545 319 2608 Albini·
335 2549 491 2615 historici,
519 2547 561 2606 ad
578 2563 663 2618 quem
686 2553 844 2618 praeterea
868 2565 917 2603 res
936 2556 1067 2603 narrata
1084 2548 1180 2605 multo

126 2621 228 2693 magis
243 2621 390 2692 pertinet,
410 2635 502 2688 quam
518 2615 560 2671 ad
578 2617 731 2670 Catonem.
751 2617 799 2672 De
820 2615 989 2672 lassantem
1005 2617 1037 2672 in
1049 2635 1180 2690 quonam
1263 2634 1269 2659 ν

129 2688 205 2746 libra
225 2689 314 2744 verba
333 2687 443 2756 fecerit
457 2682 631 2750 Cornelius.
659 2701 707 2737 res
723 2685 791 2754 ipsa
809 2680 966 2740 declarat:
982 2683 1061 2756 fecit
1079 2694 1180 2750 autern
1212 2723 1221 2744 s
1275 2715 1277 2719 v

128 2763 192 2818 sine
208 2757 299 2812 ‹lubic›
315 2752 348 2810 in
369 2755 425 2811 illa
443 2755 480 2813 ‹le
501 2751 658 2810 historicis
675 2749 794 2808 latinis.
824 2753 872 2808 lta
889 2753 1020 2813 utisunc
1034 2752 1181 2831 delbisto·

127 2828 198 2887 risis
210 2826 319 2882 latinis
329 2823 459 2901 librum,
480 2842 566 2895 quern
577 2840 595 2876 a
606 2818 744 2893 Cprnelio
759 2822 903 2894 scriptam
910 2820 1010 2893 fuisse
1022 2832 1182 2898 praetereo¹

120 2899 303 2972 fragmenta
328 2910 440 2965 quoque
463 2911 524 2946 nan
550 2889 791 2947 contemnendae
816 2893 1027 2956 auctoritatis,
1058 2909 1086 2947 a.
1115 2893 1179 2950 Jac.

129 2969 204 3026 tria.
226 2963 416 3036 Heusingero
432 2959 607 3036 publicata,
627 2966 792 3022 testantur,
811 2965 963 3026 unum'ea
975 2959 1040 3017 illis
1055 2960 1093 3018 cle
1106 2962 1180 3035 airis

125 3036 295 3094 illustribus
315 3029 426 3099 fuisse.
446 3031 522 3086 satis
545 3037 677 3092 constet,
702 3045 862 3100 earumque
885 3029 1035 3086 decimum
1059 3033 1192 3104 tertium·v
1249 3057 1266 3102 ⁸.

119 3092 216 3181 fuisse¹
240 3103 391 3171 suspicari
402 3099 509 3157 liceat.
536 3101 614 3150 llaec
636 3097 795 3159 Molchius,
816 3098 897 3164 cuius
914 3099 1076 3152 sententiae
1093 3111 1189 3172 pros-¹

125 3194 170 3230 sus
186 3171 370 3236 accedimus,
394 3170 449 3222 nisi
470 3165 548 3241 quod
572 3165 727 3231 Albinum,
754 3166 820 3237 qui,
847 3167 961 3222 Graeca
980 3168 1079 3240 lingua
1098 3168 1181 3243 ulus,

124 3244 285 3298 Romanam
303 3239 451 3292 ciuitatem
468 3237 549 3308 quasi
568 3234 701 3298 exuillet,
722 3235 808 3292 esiam
824 3234 854 3287 in
870 3238 1052 3290 Graecorum
1066 3233 1181 3309 ῙιίΙίὸνίςἸ

125 3329 227 3367 corum
243 3325 396 3365 numerum
413 3323 430 3359 a
448 3303 590 3360 Cornelio
607 3303 715 3359 referri
732 3305 855 3378 potuilse
867 3296 1035 3379 putamus]
1055 3294 1066 3319 ³
1232 3305 1235 3313 ’

109 3475 138 3541 l)
158 3473 173 3542 [
179 3471 291 3526 Titulus
310 3469 340 3521 in
352 3465 515 3522 lnt'roduct.
527 3487 559 3542 p.
578 3485 618 3526 tn.
635 3467 706 3520 haec
726 3466 849 3522 scribit:
870 3465 1176 3543 Consideranlifrag-

122 3550 227 3599 menta
243 3537 410 3608 Scriptaris
426 3539 540 3607 nostri,
572 3535 629 3592 illa
650 3536 825 3612 praecipue,
853 3553 983 3606 quaeex
995 3535 1095 3596 Plinii
1112 3555 1177 3592 ma·
1235 3590 1238 3599 ,

117 3609 199 3686 juris
215 3607 351 3666 Historia
378 3605 523 3662 Naturali
539 3608 707 3676 conquisita
723 3613 810 3673 sunt,
831 3605 1038 3679 observabitur
1042 3605 1193 3677 fortasse¹
1253 3661 1257 3679 ,

122 3699 256 3739 mecum,
274 3679 307 3732 C.
324 3675 469 3749 Nepotem
486 3674 576 3749 plura
592 3681 716 3751 insuper
727 3693 818 3748 opera
834 3673 966 3732 edidisse
975 3693 1127 3747 „quorum
1141 3677 1177 3730 ti·
1265 3677 1268 3690 ’

53 3756 57 3773 “
120 3747 200 3805 tulos
211 3748 306 3806 etiam
317 3747 507 3814 ignoramus.
520 3747 656 3819 Namque
667 3753 769 3816 aperte
782 3743 1007 3818 docentbarum
1015 3742 1178 3820 fragmen·

122 3826 224 3874 torum
234 3811 455 3886 compluscula,
479 3815 747 3892 Geagrapbica
758 3814 906 3882 quaedam
920 3813 959 3868 ab
971 3812 1027 3869 illa
1037 3831 1177 3871 esseron·
1226 3851 1228 3859 ι

122 3889 250 3943 murrata
258 3906 268 3955 ,-
278 3886 415 3965 'stantes
425 3880 496 3939 aliis
509 3883 726 3946 concluserim,
748 3883 791 3938 sle
809 3882 1118 3954 Antiquitatibus
1129 3900 1175 3954 pe-

121 3956 240 4012 culiore
251 3953 392 4024 equsclem
406 3970 480 4024 opus
493 3951 643 4025 quoddam
661 3952 822 4009 exstitisse.
839 3952 885 4007 sb
899 3954 952 4007 h'ac
962 3951 1050 4005 Tiust
1064 3960 1176 4006 senten.
1263 4014 1267 4023 Ι

91 4064 92 4067 ,
121 4027 162 4081 tia
178 4041 224 4079 sno
241 4042 300 4093 npn
319 4023 446 4076 alienum
463 4021 774 4092 profiteoeposticen
789 4040 907 4098 quoque
928 4020 1049 4096 attigitle
1066 4022 1177 4076 Corne·

121 4094 212 4159 lium,
232 4091 346 4156 Plinius
363 4089 453 4165 Epis..
469 4093 496 4156 5,
516 4088 544 4147 3.
564 4085 711 4159 etstan]
