2594 4644
56 278 207 363 πη.
435 266 899 349 ruariuo‘uil.

124 420 1195 467 ..m—*Qu

117 513 247 598 plorum
263 509 386 581 libros,
419 526 500 591 quos
517 505 616 568 citant
641 507 768 570 Gellius
786 507 843 569 lib.
863 507 937 571 Vll.
960 505 1200 589 cap,XV111.et

98 616 102 630 ’
121 614 280 682 Cbarilius
295 614 356 676 lib.
373 617 398 677 Ι.
441 614 512 675 Alia
529 636 658 698 quoque
676 614 822 696 ejusdem
837 613 967 675 laudant
978 625 1131 692 veteres;
1149 611 1200 674 sed

21 712 23 719 '
67 716 76 774 .'
116 736 183 786 non
200 723 295 796 item,
318 743 399 806 quae
419 721 460 782 ad
478 719 643 783 historiam
659 721 908 805 pertineant*).
971 724 1052 782 Nam
1070 738 1111 780 ex
1136 718 1202 802 epi-

118 830 195 894 stola
213 829 282 911 ejus
313 828 353 890 ad
373 830 568 890 Ciceronem
583 827 738 911 quaedam
755 827 940 889 Lactantius
956 824 1051 887 affert
1075 825 1133 887 lib.
1151 827 1198 908 Ill.

28 934 31 939 ’
116 935 401 1000 instituamus.
425 956 495 1021 cup.
508 916 579 999 xt.
621 933 897 1030 Quemadmodum
923 946 956 994 et
977 929 1202 996 ciceronum

47 1124 51 1129 ,
116 1049 276 1127 Nepotem
301 1042 452 1127 epistolae
477 1043 625 1105 meminit
650 1042 856 1125 Tranquillus
887 1039 922 1099 in
939 1040 1027 1102 Julio
1044 1060 1117 1124 cap.
1133 1041 1199 1108 LV.

45 1134 48 1141 ’
114 1153 306 1216 Ammianus.
319 1153 524 1214 Marcellinus
542 1151 636 1211 initio
654 1149 730 1210 libri
747 1149 861 1210 XXVI.
884 1167 920 1208 ac
939 1147 1129 1234 Priscianus
1146 1147 1199 1209 lib.

8 1308 12 1313 .
118 1261 203 1326 Vlll.
246 1261 312 1318 lmo
336 1265 373 1347 'eg
394 1257 567 1318 Iccundum
593 1256 763 1317 Ciceronis
789 1253 992 1336 epistolarum
1018 1254 1140 1316 librum
1164 1253 1201 1315 ad

115 1350 276 1450 Nepotem
289 1363 474 1431 Macrobius
493 1363 569 1424 citat
585 1364 643 1424 lib.
663 1366 702 1424 11.
726 1362 884 1431 Saturnal,
903 1381 971 1445 cap.
990 1365 1014 1422 1.
1057 1359 1157 1457 Quod
1173 1361 1200 1423 ai

119 1474 192 1556 quis
219 1473 398 1555 fragmenta
424 1471 529 1531 omnia
552 1471 688 1554 Nepotis
716 1469 901 1543 desideret,
931 1470 1028 1550 longe
1051 1468 1093 1528 iis
1111 1467 1200 1528 celli-

66 1580 94 1657 s,
111 1579 230 1662 gentlis
243 1579 391 1662 priorum
409 1578 490 1640 vicit
506 1575 690 1663 industriam
707 1575 854 1638 Andreas
874 1576 1043 1638 Sehottust·
1061 1574 1207 1647 Hortum,

97 1673 182 1747 'laus
199 1686 379 1781 Barbarus,
403 1683 660 1766 castigationibus
673 1683 706 1743 in
723 1683 823 1743 Plinii
842 1683 899 1745 lib.
911 1685 981 1749 XV.
998 1702 1068 1765 cap.
1082 1681 1198 1743 xm.

146 1933 228 1988 seille
250 1934 272 1988 si
296 1933 405 1987 nificat.
424 1931 510 2007 Quod
529 1950 702 2006 quamquam
724 1934 782 1987 Jac.
807 1931 889 1986 Frid.
909 1931 1086 2006 Heulingerc
1103 1931 1201 1988 minus

102 2011 112 2022 “
145 1950 308 2057 vcrisimiie
326 2001 460 2067 videtur,
479 2003 617 2056 Rincltius
635 2014 729 2055 tamen
768 2002 808 2055 ott
822 2002 947 2056 tostum
962 2013 991 2054 ct
1000 2000 1083 2066 hujus
1099 2000 1206 2056 inserta

112 2071 119 2084 ⁶
145 2070 257 2142 ptionis
274 2071 358 2125 fidere
376 2087 435 2122 non
454 2071 484 2121 iu
502 2069 621 2122 dubium
644 2020 802 2123 vocandam
819 2069 1135 2146 statuimposqueipsi
1149 2070 1199 2129 At.

143 2138 197 2192 tici
215 2128 305 2193 vltbm
325 2137 362 2190 ad
383 2137 463 2189 illum
483 2141 621 2190 Virorum
640 2138 793 2190 Illustriutn
808 2137 917 2190 librum
939 2155 998 2192 non
1017 2140 1139 2210 prorsus
1159 2138 1202 2193 in·

146 2206 300 2261 commode
312 2206 418 2260 referri
429 2206 507 2276 polle
519 2207 715 2259 concedimus.
727 2227 755 2260 v.
767 2210 835 2260 Bos.
848 2205 882 2258 ad
892 2205 979 2259 Attio.
1012 2208 1086 2260 rinc.
1097 2205 1199 2287 Quod.

146 2275 169 2328 si
188 2285 281 2328 tamen
307 2284 493 2346 reputamus,
508 2292 523 2326 a
540 2275 681 2327 Cornelio
701 2274 773 2326 banc
792 2276 881 2327 vitam
900 2275 941 2328 ita
965 2292 981 2327 c
1003 2277 1072 2329 itam
1094 2275 1198 2343 fullio,

145 2353 178 2397 ut
196 2343 322 2414 primum
342 2341 457 2394 nonnisi
477 2359 526 2411 ca,
546 2360 621 2413 quae
638 2342 742 2414 primis
760 2343 865 2396 XVIII.
885 2345 1032 2416 capitibus
1045 2345 1199 2398 continen-

145 2420 210 2474 tur,
230 2410 491 2482 complecteretur,
509 2410 698 2482 reliqua-poli
708 2423 831 2464 mortem
849 2413 936 2465 Attici
951 2410 1143 2478 accederent,
1162 2411 1201 2466 ad

146 2478 233 2533 'riceii
253 2479 352 2552 potius
374 2481 543 2532 sententiam
563 2481 753 2543 inclinamus,
784 2480 833 2553 qui
859 2481 886 2532 in
905 2481 1070 2535 animadvv.
1091 2481 1198 2555 aniep-

147 2550 208 2617 274.
225 2547 418 2605 Atticivitam
431 2552 598 2621 separatim
613 2567 626 2600 a
643 2549 782 2602 Cornelio
799 2548 1072 2620 publicatamfuille
1089 2549 1199 2615 censet,

148 2620 224 2670 sieut
238 2617 317 2669 illam
330 2617 449 2669 Catonis
464 2618 644 2688 pleniorem,
664 2634 749 2688 quam
763 2619 860 2688 Nepos
875 2615 933 2688 ipse
950 2617 1062 2692 Cap.·3‚
1075 2619 1101 2672 5.
1119 2633 1199 2671 com·

144 2694 301 2738 memorat·
335 2685 437 2737 Utrum
457 2696 551 2738 autem
571 2689 742 2752 Corneliae,
762 2687 861 2738 matris
878 2688 1096 2753 Gracchorum,
1136 2685 1200 2757 epi.

146 2752 280 2807 stolarum
296 2757 487 2824 Fragmenta,
505 2773 578 2827 quae
598 2753 721 2809 Codices
739 2773 773 2807 cx
792 2754 847 2806 boc
870 2756 930 2828 ipso
941 2791 950 2822 ,
970 2754 1078 2827 dequo
1099 2751 1198 2826 loqui.

104 2867 107 2877 ,
142 2838 226 2887 mur,
251 2823 382 2881 Cornelii
410 2822 489 2876 libro
514 2833 650 2894 excerpta
694 2824 849 2886 cubitent,
878 2825 1045 2877 elariffimae
1067 2822 1197 2878 feminae

143 2888 318 2952 tribuenda,
345 2909 381 2944 au
399 2890 517 2946 falsario
538 2893 624 2945 alicui
648 2842 838 2946 adscribenda
859 2893 932 2961 sint,
961 2894 1031 2946 mibi
1050 2893 1198 2948 nonsatis

143 2958 325 3029 exploratum
342 2961 397 3012 elle
417 2958 523 3014 fatcor.
553 2961 738 3031 Supposititia
761 2977 794 3010 ea
815 2961 885 3027 elle,
908 2972 935 3014 et
955 2973 1064 3014 tantum
1086 2961 1129 3014 ob
1145 2979 1197 3016 no·

143 3029 256 3082 minum
275 3026 406 3082 Cornelii
424 3038 453 3080 et
474 3028 631 3084 Corneliae
648 3027 869 3084 siinilitudincm'
886 3030 915 3081 in
934 3031 1056 3101 Nepotis
1077 3029 1197 3086 codices

35 3130 45 3135 -
143 3094 817 3168 irrefilie,ceuletb.G.Langii1seoloco,
847 3115 932 3170 quem
958 3100 987 3151 ib
1004 3098 1197 3153 adnotatione

143 3165 179 3218 ad
200 3115 316 3238 dragm.
335 3181 399 3234 cap.
419 3183 459 3218 ια.
477 3183 505 3220 n.
527 3186 550 3217 ι.
570 3166 753 3237 significavi,-
776 3184 844 3240 pag.
868 3165 926 3234 178.
945 3166 1021 3219 Illud
1042 3176 1197 3222 certene·

65 3286 67 3291 ,
145 3232 203 3304 ipsi
219 3252 278 3287 nou
295 3231 443 3299 videmus,
465 3232 613 3305 quomodo
636 3237 689 3288 bae
709 3235 852 3308 Epistolae
874 3234 910 3286 ad
933 3236 1064 3289 Cornelii
1083 3233 1121 3291 de
1135 3236 1195 3291 La·

144 3304 219 3360 tinia
236 3302 391 3359 historicis
408 3300 515 3354 librum
536 3303 686 3375 pertinere
703 3307 872 3374 potuerint,
891 3321 979 3376 quum
996 3320 1091 3376 neque
1111 3321 1196 3376 argu.

93 3427 96 3432 ,
129 3382 272 3425 mentum
289 3387 388 3424 earum
405 3369 472 3422 huie
487 3370 567 3424 libro
584 3378 757 3434 conveniat,
779 3384 807 3426 et
821 3372 987 3425 Corneliam
1001 3373 1089 3445 ipsam
1106 3391 1195 3428 nemo

63 3444 65 3450 ‘
144 3457 280 3516 umquam
299 3436 449 3491 Hibericis
467 3436 714 3496 adnumerarerit.
740 3443 820 3520 Quae
837 3451 932 3493 autem
951 3458 967 3493 e
988 3439 1194 3516 Guelphc'rby-

143 3519 213 3562 tane
238 3505 468 3580 Philippicarum
493 3508 660 3562 orationum
685 3510 786 3564 codice
809 3509 845 3562 ab
870 3510 1047 3581 Heufingero
1076 3511 1196 3584 prelata

146 3584 213 3639 eunt
232 3574 302 3628 libri
323 3577 358 3630 de
375 3575 496 3630 Latinis
514 3577 668 3634 historicis
684 3579 863 3653 fragmenta,
883 3595 916 3630 ea
936 3583 1006 3651 quin
1023 3579 1149 3654 genuina
1165 3588 1197 3632 et

144 3643 286 3699 Cornelio
301 3643 408 3717 Nepoti
424 3645 578 3700 tribuenda
594 3649 670 3713 sint,
685 3667 744 3700 nen
760 3647 934 3700 dubitamus.
957 3647 1027 3704 Inde
1040 3649 1089 3704 ille
1106 3648 1195 3701 etiam

112 3738 115 3760 t
143 3707 211 3766 loca
226 3710 352 3767 delumta
366 3712 420 3765 elr'e
434 3726 573 3786 apparet,
595 3733 669 3786 quae
684 3719 799 3789 Fragm.
819 3735 881 3786 cap.
901 3712 927 3770 δ’.
944 3736 1023 3771 num.
1039 3737 1064 3772 a.
1081 3725 1110 3781 et
1127 3727 1192 3787 cap.

145 3782 172 3834 6.
193 3797 223 3833 n.
239 3781 423 3852 stagnatur.
442 3787 485 3837 De
499 3801 624 3856 quorum
641 3784 742 3854 priore
760 3786 889 3839 Molelrio
907 3784 996 3856 plane
1015 3783 1195 3853 allentimum
1225 3844 1230 3849 .

144 3847 175 3901 in
189 3847 408 3914 Dillertatione‚
438 3851 678 3923 supralaudato,
704 3870 771 3927 pag.
798 3874 839 3910 11.
859 3871 919 3920 seq.
941 3854 1013 3908 baec
1030 3852 1190 3910 scribenti:

147 3914 233 3992 Quae
247 3915 284 3972 ‹le
297 3916 408 3977 Albine
421 3935 439 3972 o
451 3923 562 3975 Getone
575 3921 740 3986 vituperato
751 3923 831 3996 opud
848 3924 978 3981 Gellium
994 3944 1035 3991 ιι,
1047 3925 1074 3980 8.
1087 3919 1115 3977 le
1140 3939 1194 3976 un·

144 3993 210 4050 tur,
243 3985 293 4042 bic
317 3987 430 4059 scripto
457 3988 555 4043 trudit
578 3991 610 4046 iri
634 3988 713 4045 libro
739 3992 873 4060 Cornelii
899 3994 1023 4062 Nepotis
1041 3991 1084 4047 de
1104 3938 1194 4046 iile.

143 4054 221 4122 siri
229 4054 294 4110 bus
312 4056 346 4110 νί
352 4057 387 4110 ri
393 4072 422 4116 s,
445 4058 551 4125 quibus
571 4057 647 4121 odeo
662 4061 759 4116 uirbis
773 4060 891 4117 cedices
905 4060 1027 4134 quidam
1043 4063 1122 4116 Mes,
1140 4055 1208 4112 etl-⁴

145 4120 222 4180 dunt
233 4141 391 4180 numerum
406 4120 479 4179 libri
494 4128 569 4181 xltl.
590 4126 668 4199 quod
690 4130 942 4203 quemadmodum
960 4132 1054 4186 Bosio
1067 4147 1129 4183 non
1143 4145 1194 4185 ne1
1228 4140 1234 4152 '

139 4191 344 4272 fugendum,
360 4192 406 4249 ite
418 4193 496 4251 mibi
507 4214 608 4253 oerum
621 4205 651 4255 et
663 4200 697 4254 in
712 4207 829 4256 textum
844 4199 1048 4275 recipiendum
1062 4195 1190 4254 videtur.
