2594 4644
172 266 232 346 ne
396 278 1024 356 connnn11nnr0r1s
1136 338 1141 344 .

176 381 1248 429 .......--.....---u.----.=....-⁴.-

133 477 230 551 lrdiu
258 475 330 536 suit.
383 462 480 535 lnde'
519 475 664 534 nonnulli
715 496 788 535 eum
825 462 869 536 ¹ad
910 495 1022 557 regem
1044 442 1050 459 .
1072 473 1252 546 abductum,

76 635 77 641 ,
172 583 283 666 ibique
312 583 465 664 perisso,
521 581 676 669 scriptum
705 581 931 669 reliquerunt.
982 582 1103 640 Contra
1135 571 1175 660 ea
1201 579 1254 639 Di·

89 698 91 702 ‘
172 709 239 750 non
268 687 470 761 historicus,
521 688 573 747 cui
608 706 667 746 nos
704 687 877 770 plurimum
896 684 953 748 ‘de
981 687 1132 747 Persicis
1162 684 1255 746 rebus

172 889 254 944 tione
270 882 482 960 hujusnnntio
499 905 611 962 parens
628 910 695 945 cum
729 892 845 964 Nepos,
885 887 1035 952 indicans,
1073 887 1110 941 de
1129 886 1257 944 Cononis

171 957 311 1013 uenisset.
348 957 434 1010 Certe
448 975 507 1010 non
521 957 627 1022 video,
644 960 694 1030 qui
730 959 790 1012 lato
810 959 887 1010 inter
909 957 1045 1029 antiquos
1067 975 1132 1010 non
1156 973 1257 1010 conve·

172 1028 297 1087 alterum
310 1025 341 1076 in
358 1027 477 1079 alterius
493 1025 588 1079 locum
602 1028 694 1100 irrep·
730 1029 819 1089 nire,
847 1025 984 1098 quoniam
1004 1025 1055 1078 alii
1080 1022 1188 1079 dicunt
1204 1026 1257 1079 Co·

172 1095 254 1148 serit.
290 1092 405 1147 leod.
424 1098 497 1147 Dan.
515 1105 543 1146 et
560 1091 701 1166 cobrcjns'
731 1110 864 1148 nonema
881 1090 1019 1146 Tiribazo
1035 1095 1064 1145 in
1084 1093 1258 1147 vinculafu-

55 1226 59 1234 s
164 1162 283 1215 aberat.
321 1163 394 1215 Fors
408 1179 467 1214 non
481 1162 695 1222 male.Bosius.
732 1163 779 1216 ill'o
803 1162 967 1229 conjectum
994 1160 1161 1225 Sardibus,
1213 1160 1258 1214 alii

132 1248 141 1275 υ
171 1230 250 1284 Voll.
275 1230 310 1282 Β.
337 1246 456 1302 magna
483 1228 694 1300 festinatione.
730 1231 820 1284 statim
840 1231 877 1283 ab
894 1246 929 1283 eo
944 1229 981 1282 ad
998 1229 1258 1303 regemfuiffeab·

171 1290 230 1353 Pro
247 1314 336 1369 quum
349 1300 477 1353 uenisset
491 1300 572 1354 Leid.
592 1320 694 1357 conce·
731 1298 864 1362 ductum,
894 1298 973 1351 nulla
990 1297 1025 1350 dc
1043 1314 1169 1351 carcere
1181 1315 1256 1351 men·

90 1419 94 1422 .
172 1369 277 1422 nisset.
310 1361 382 1436 [Ax.
402 1377 430 1419 et
449 1370 558 1440 vulgati
578 1387 693 1424 omnes:
730 1368 811 1421 tione
836 1367 919 1420 facta.
963 1366 1063 1421 Dinon
1088 1375 1215 1433 contra,
1243 1383 1257 1420 c

171 1437 290 1490 mittere
309 1433 391 1490 uelle.
420 1436 543 1510 Magna
564 1437 695 1509 festina·
730 1436 855 1490 vinculis
879 1434 1006 1506 effugisse
1031 1436 1202 1490 Cononem.
1232 1443 1258 1488 et

171 1505 253 1558 tione
262 1500 353 1576 hujus
368 1505 476 1558 nuntio
484 1525 596 1576 parens
606 1525 695 1581 prtum
731 1503 797 1556 ideo
814 1502 886 1560 inde
907 1521 922 1555 a
940 1503 1071 1558 librariis
1113 1502 1257 1556 rofectun

159 1572 309 1627 «venisset.
343 1575 424 1626 llanc
445 1576 620 1647 scripturam
636 1579 694 1629 Bo·
727 1573 849 1647 opinor.
885 1572 969 1626 Juxta
986 1520 1255 1644 XenopliontimL.

171 1641 268 1694 sianae
298 1641 445 1713 praeferri
473 1643 558 1696 facile
577 1645 692 1717 patior.
728 1660 770 1694 ιν.
796 1642 832 1693 Η.
860 1641 912 1693 Gr.
941 1658 1008 1714 pag.
1022 1645 1085 1708 4²¹·
1118 1640 1255 1693 Conona

172 1709 380 1782 Heusingerns
395 1710 425 1761 in
437 1708 592 1766 Addentlis.
612 1713 692 1764 Ave·
729 1708 868 1762 Tiribazo
888 1707 918 1762 in
941 1708 1058 1761 vincula
1081 1706 1207 1780 quidem
1224 1708 1256 1761 eli

170 1779 257 1831 ritate
274 1775 350 1829 haud
367 1778 461 1830 aliena
476 1777 592 1833 videtur
611 1779 692 1834 Bosii
729 1777 889 1843 conjectus,
907 1776 959 1830 sed
974 1795 1033 1830 non
1047 1775 1254 1848 adregemab·

69 1861 71 1867 ·
170 1845 332 1908 sententia,
353 1863 418 1898 cum
434 1846 515 1910 illud,
532 1866 649 1923 magna
658 1846 694 1902 (le
727 1842 840 1913 ductus;
854 1862 919 1898 nam
927 1845 989 1918 ipsc
998 1842 1159 1898 Tiribanus
1167 1842 1254 1899 adre-

170 1933 221 1981 re,
243 1912 322 1986 quod
340 1915 441 1986 plures
462 1915 599 1982 codices,
633 1927 693 1969 tum
728 1929 793 2035 {em
818 1913 907 1978 abiit,
938 1913 1162 1976 sciscitaturus,
1190 1911 1255 1986 (prid

122 2034 125 2038 .
169 1973 244 2045 hoc,
262 2000 380 2057 magna
389 1982 599 2054 festinatione,
614 1982 693 2056 quod
749 1999 764 2033 e
783 1983 904 2034 Conone
922 1981 1001 2035 llatui
1027 1980 1136 2044 vellet,
1159 1981 1254 2052 ⁴et'aic

168 2051 551 2119 Puteaneus,Axenianus,
572 2052 693 2112 etVols.
728 2052 769 2104 ita
799 2050 938 2114 conjicias
962 2050 1116 2104 Cononem
1143 2046 1254 2102 interea

168 2119 203 2172 B.
218 2119 343 2184 habent,
363 2119 417 2170 offe
434 2120 631 2189 retinendum,
652 2121 693 2172 ita
727 2117 880 2190 cffugille,
916 2117 952 2171 d'e
977 2134 1032 2190 qua
1056 2115 1254 2190 fugascripflt
1291 2140 1293 2155 ·

132 2215 134 2219 -
169 2196 201 2239 ut
215 2206 272 2241 vox
291 2205 409 2262 magna
434 2189 471 2241 ab
488 2187 615 2243 Auctore
639 2191 692 2242 ite·
725 2187 835 2240 Dinon.
870 2189 914 2239 De
929 2185 1060 2240 Cononis
1075 2184 1138 2238 fato
1153 2191 1252 2257 polla·
1291 2214 1293 2247 ;

168 2265 238 2308 rata
269 2257 431 2310 vorborum
465 2257 693 2312 amittendorum
726 2254 783 2308 lios
799 2255 859 2326 agit
872 2256 957 2313 Wolf.
971 2252 1007 2306 ad
1019 2244 1150 2308 Diodor.
1162 2255 1250 2311 sicul.
1290 2288 1293 2299 .

170 2324 262 2375 canlla
282 2322 380 2376 fucrit.
403 2323 540 2380 Moscho.
573 2328 632 2380 Pro
653 2323 694 2378 od
726 2323 792 2377 Lib.
809 2341 869 2375 xiv.
888 2341 952 2396 cap.
967 2324 1010 2378 85.
1031 2331 1059 2373 et
1075 2320 1145 2376 Lib.
1159 2341 1209 2378 xv.
1229 2342 1252 2376 c.

167 2409 272 2464 regem
308 2395 376 2448 enin
402 2382 434 2446 s'e
459 2394 578 2449 mittere
609 2392 691 2456 uelle,
727 2392 770 2459 43.
790 2391 941 2444 Cononem
961 2390 1082 2443 Athenis
1109 2394 1255 2465 sepultum

170 2459 250 2533 quod
268 2459 355 2512 etiam
373 2461 429 2524 Ult.
447 2460 546 2527 habet,
565 2463 621 2516 Gu.
638 2463 690 2514 Ax.
728 2460 782 2512 effe
797 2457 869 2511 dicit
884 2458 1037 2512 Pausanias
1052 2457 1119 2508 Lib.
1142 2479 1168 2513 1.
1192 2478 1252 2533 cap.

170 2538 199 2582 ct
214 2529 315 2581 ultima
327 2529 461 2581 Boecleri
478 2528 586 2583 editio:
618 2548 648 2584 o.
666 2550 690 2585 r.
728 2545 770 2594 aa.
797 2522 1254 2582 ‘l'e‘ssannmriinachlvmvaul

136 2616 138 2620 “
169 2616 237 2653 enm
256 2599 375 2652 mittere
395 2595 487 2661 uelle,
511 2598 692 2670 omiffopro-
727 2595 891 2659 Τιμόθεος,
917 2595 1051 2663 δεύτεροι
1075 2596 1151 2649 μετὰ
1179 2597 1253 2652 Mtt-

168 2665 287 2719 nomine
313 2684 354 2720 se.
387 2666 473 2721 Falso
487 2666 564 2718 enim
587 2667 692 2720 Bosius
727 2663 898 2728 τιάὸηνκαὶ
918 2665 1038 2725 Κίμωνα
1062 2659 1127 2720 icor
1144 2665 1253 2734 πατὴρ,

169 2734 200 2787 in
224 2734 418 2788 Boecleriana
437 2732 506 2786 edit.
526 2753 593 2789 enm
618 2733 692 2786 desi·
727 2735 777 2786 nai
795 2741 884 2796 παῖς,
914 2733 991 2803 ἔργα
1018 2730 1254 2799 ἀποδειξάμενοι

168 2801 266 2855 derari
279 2801 393 2855 scribit.
419 2803 500 2856 Bosii
513 2804 693 2869 conjectura,
728 2800 866 2867 λαμπρά.
905 2797 1043 2873 [Optimi
1065 2802 1138 2856 lihri
1164 2805 1253 2857 Axen.

168 2871 197 2941 h.
218 2871 238 2923 l.
262 2869 302 2922 ita
321 2869 475 2943 legendum
492 2870 563 2923 esre:
592 2869 692 2926 adre-
728 2870 784 2922 Gn.
810 2868 864 2924 Ed.
889 2870 1012 2942 Lougoi.
1043 2882 1073 2925 ct
1094 2871 1155 2925 Ult.
1183 2870 1255 2928 Inde

193 2957 315 2994 emeum
330 2938 694 3012 remittereuellemagna
728 2935 888 3003 nonnulli,
912 2937 992 3009 quod
1012 2934 1254 3011 Heufingcrus'ct

167 2955 207 3063 {a
221 3026 262 3061 re.
291 3007 416 3082 Magna
423 3006 625 3078 festinatione
641 3008 698 3062 lm?
727 3006 873 3060 Molchius
890 3006 1173 3077 inrepraefcrunt.]
1229 3065 1231 3068 ,

62 3116 65 3127 .
161 3073 224 3152 jus.
234 3076 342 3130 nuntio
362 3085 474 3148 parens
491 3094 580 3149 quum
597 3077 691 3131 venis·
764 3073 868 3146 Ibique
880 3070 1014 3147 perisse]
1035 3073 1197 3132 Diodorus
1208 3075 1254 3131 Si-

168 3152 213 3202 set
226 3154 280 3196 etc.
303 3154 336 3196 ut
351 3144 479 3213 Harlelio
501 3155 529 3197 ot
545 3146 691 3208 Moschio,
728 3140 812 3198 culus
826 3141 861 3195 de
879 3160 914 3196 eo
932 3144 1108 3216 supplicium
1130 3156 1254 3200 sumtum

168 3214 208 3267 ita
223 3211 293 3264 mihi
310 3228 428 3296 quoque
443 3211 518 3265 haud
529 3210 692 3286 spernenda
728 3211 782 3264 ell'c
797 3210 940 3282 significat
954 3215 986 3265 L.
998 3232 1044 3266 xv.
1065 3211 1110 3266 his
1130 3215 1252 3268 verbis:

167 3281 295 3336 videtur.
339 3283 439 3354 Neque
461 3281 508 3334 bic
529 3281 692 3353 particulae
725 3279 914 3335 ὑποπτεύσας
926 3277 943 3330 ὁ
953 3280 1123 3350 Ἰφικράτης
1132 3282 1176 3346 mi
1188 3283 1253 3334 συλ·

168 3357 257 3423 q'nnm
326 3350 395 3403 situs
421 3348 571 3402 offendere
594 3365 690 3420 quem·
727 3348 1016 3421 (p.cqa.)bn(p.lyi‚
1042 3353 1254 3420 anicrprmpiar

78 3472 81 3479 ,
168 3435 254 3492 quam
298 3417 373 3471 ebet.
408 3418 495 3471 Locis
521 3418 557 3471 ab
573 3417 691 3470 Heufin-
725 3417 1253 3488 triXpffannepKdacavi'naSrvi

75 3513 76 3517 ¹
168 3504 239 3560 gero
255 3487 291 3540 ad
309 3490 349 3551 il,
368 3488 394 3542 3.
412 3488 439 3541 3.
458 3485 597 3541 laudatis:
619 3504 642 3549 1,
666 3505 691 3551 1,
723 3487 897 3551 Ἀθηναῖος.
907 3485 1087 3540 Lambinus.
1104 3483 1188 3557 [Pro
1197 3489 1254 3542 uin·

170 3574 194 3609 ι.
224 3558 252 3623 4,
272 3557 474 3674 5,5.’14,9,
493 3557 519 3610 5.
559 3556 649 3619 20‚5‚
666 3573 691 3607 a.
728 3552 797 3612 cula
815 3553 872 3608 Ult.
892 3551 1001 3609 uincla.
1029 3557 1103 3608 Tum
1128 3558 1186 3614 mc.
1203 3556 1252 3613 ibi-

167 3625 217 3685 25,
240 3627 275 3690 4,
303 3643 326 3677 ι.
353 3622 426 3676 adcc
453 3641 500 3686 12,
526 3628 552 3692 4,
573 3642 598 3676 n.
627 3622 693 3697 Quo
727 3642 783 3698 que
796 3623 931 3694 periisse.
954 3625 1010 3677 Gu.
1029 3640 1095 3675 cum
1108 3623 1166 3679 Ed.
1182 3627 1253 3680 bon·

158 3691 247 3764 facto
262 3691 460 3762 circumfusus
477 3691 610 3746 hostium
626 3710 692 3745 con·
728 3693 787 3766 gol.
807 3690 906 3763 ibique
921 3711 988 3748 eum
1003 3691 1165 3764 prmissa]

167 3777 256 3814 cnrsn
280 3778 370 3832 quum
386 3760 558 3832 fortissime
573 3777 692 3845 pugna·
764 3760 876 3815 Contra
887 3762 936 3824 ea]
953 3761 1119 3814 atsnoeet.
1138 3768 1253 3817 contra.

148 3828 222 3884 'reb
242 3829 352 3882 Confer
363 3828 436 3883 ibid.
447 3849 477 3882 n.
488 3825 693 3901 3.εῐιῤ,4,2.]
727 3826 810 3883 Leid.
838 3835 944 3884 contra
967 3824 1099 3898 Cadyon.
1124 3831 1206 3888 Voll.
1222 3831 1253 3882 B.

203 3895 364 3965 Nonnulli]
382 3898 693 3970 Ms.Boccl.praepo-
729 3904 836 3953 contra
856 3899 974 3954 Dinon.
1011 3893 1122 3966 [Axon.
1141 3909 1252 3953 tamon:

165 3961 299 4018 nitinde.
310 3967 419 4022 Bofius.
435 3964 516 4019 Leid.
528 3967 613 4019 etiam
623 3962 695 4022 incle
730 3973 837 4022 contra
852 3985 904 4032 ea,
928 3977 961 4020 ut
977 3967 1032 4020 Gu.
1051 3962 1104 4019 sed
1118 3968 1252 4023 Ult.con·

167 4029 318 4087 nonnulli.
345 4036 418 4087 ltem
442 4035 521 4090 Voff.
542 4036 578 4089 A.
600 4037 694 4116 Quam
730 4033 810 4102 tro]

165 4099 323 4155 lectionem
339 4101 369 4154 in
382 4113 491 4156 textum
508 4101 690 4158 nondumre-
760 4105 868 4159 Dinon
916 4101 973 4230 Qgi
996 4101 1116 4173 scripsit
1131 4102 1254 4166 Perfica,

166 4167 258 4243 cipio.
297 4170 480 4247 Simpliciter
504 4188 568 4226 rem
590 4183 692 4228 narrat
725 4181 811 4246 pater
843 4167 900 4228 fuit
958 4170 1093 4239 litarchi,
1124 4173 1254 4248 vixitque

808 4302 811 4324 l
