2594 4644
115 306 171 360 'c
441 291 953 359 TESTIMONIA..

150 528 228 581 neris,
250 526 278 566 et
287 505 472 566 Romanorum
480 503 616 584 explicere
623 506 819 585 imperatores,
841 523 892 582 que
899 503 1027 585 facilius,
1044 502 1273 564 cellurisutre-

142 634 263 694 'rumque
274 612 379 694 fectis,
402 617 448 693 qui
464 615 521 673 viri
535 608 712 691 praefervidi
722 607 798 689 j'iut,
818 606 900 690 poffis
912 611 1041 687 judicari
1053 609 1108 690 *).
1151 610 1262 695 Ope-

150 720 198 780 ris
222 719 291 800 ejus
313 694 453 804 gericine
470 716 640 799 inscriptio
656 729 745 798 patet
762 716 810 776 exx
818 718 940 777 ultimis
956 717 1050 779 hisce
1067 719 1252 801 praefatio·

149 827 202 888 nis
220 820 332 890 v'crbis
344 814 481 908 :efflicte
498 826 534 884 ed
554 818 721 904 prepositum
744 829 900 896 veniemus,
931 843 959 883 et
975 829 1005 915 iu
1020 823 1067 885 bec
1083 846 1247 908 expectemus
1265 856 1287 925 ιΙ

152 933 224 995 libre
244 955 288 996 nu
305 955 384 998 virs
409 951 668 994 nxcnnnnnrsusc
689 951 941 994 snennasenen.
983 935 1122 994 Praeter
1142 934 1240 1018 impe·
1283 932 1287 1011 l

154 1056 281 1104 ratores
298 1040 427 1103 s'eorsim
445 1039 584 1100 exarasse
600 1039 719 1100 librum
740 1038 781 1101 de
789 1034 936 1123 regilius,
959 1053 1150 1122 argumento
1166 1034 1241 1101 bade
1281 1014 1287 1119 ,i

86 1170 90 1177 ’
156 1162 264 1222 erunt,
288 1167 369 1231 quae
378 1147 595 1208 Timoleontis
605 1148 690 1208 vitae
703 1145 828 1209 subdit:
850 1147 965 1226 Hijere
975 1144 1099 1227 ferreus
1115 1145 1240 1207 Graeciae
1285 1160 1287 1165 '

147 1258 241 1336 geretis
261 1256 359 1327 daces,
390 1260 436 1336 qui
454 1257 579 1314 inesceris
601 1254 678 1334 digni
692 1252 877 1325 videbantur,
898 1271 1009 1333 prester
1025 1274 1112 1335 reges.
1157 1253 1241 1315 Nm·

151 1381 202 1442 que
219 1383 262 1420 ees
283 1367 419 1444 estirsgere
441 1361 597 1432 noluimus,
630 1360 836 1439 quodomnium
858 1381 902 1418 res
917 1360 1002 1442 gestae
1016 1359 1168 1442 seperatim
1177 1359 1246 1442 fuet
1268 1364 1269 1369 ’

150 1491 478 1508 m

183 1556 464 1615 excellentium
492 1559 666 1615 virerum
702 1553 963 1629 complurium
988 1554 1244 1616 concludentem·

181 1630 351 1692 stiterimus,
372 1645 497 1699 querum
515 1630 683 1700 seperatim
697 1625 802 1681 multis
816 1623 954 1681 nsillibus
965 1646 1104 1682 versuum
1114 1627 1245 1705 complu·

182 1715 230 1752 res
253 1699 413 1770 scriptores
438 1704 509 1751 ente
530 1714 586 1750 nes
609 1695 812 1769 explicarunt.
850 1696 1033 1750 Excellentes
1061 1699 1147 1752 Vires
1161 1696 1246 1764 dicit,

182 1783 311 1837 quorum
326 1766 422 1821 Vitam
439 1783 498 1818 une
518 1763 670 1820 columine
694 1763 886 1826 concluserit,
915 1765 996 1830 cujus
1015 1776 1115 1838 partes
1133 1766 1198 1821 sive
1211 1766 1247 1820 li-

181 1835 230 1887 bri
247 1833 305 1887 due
320 1833 357 1886 de
372 1833 500 1886 externis
516 1844 545 1886 et
559 1834 699 1887 Romanis
718 1833 759 1884 Im
785 1832 953 1885 crateribus
969 1833 1117 1897 (Heunib.
1138 1835 1181 1898 13,
1198 1834 1247 1902 4.)

183 1903 380 1973 exponebant.
412 1901 464 1955 His
485 1901 560 1956 loeis
580 1905 700 1955 tertium
719 1851 853 1957 addimus
868 1901 937 1954 Dio.
956 1920 983 1970 9,
1003 1904 1029 1958 5.
1051 1901 1126 1971 Hie,
1145 1905 1249 1959 sicet

161 1977 275 2035 ‚ante
291 1972 412 2025 SAEPE
432 1968 578 2025 dictum
598 1978 673 2039 est,
702 1987 792 2040 quem
816 1971 915 2023 incise
942 1971 983 2024 sit
1007 1970 1183 2045 singularis
1196 1977 1249 2040 ρό-

91 2062 95 2073 ¹
182 2040 290 2104 tentia,
311 2047 339 2098 et
353 2038 529 2094 miserabile
545 2041 632 2104 cite,
658 2043 708 2112 qui
725 2048 756 2095 se‘
773 2039 883 2102 metui,
902 2039 1248 2109 quumemerimelunt,

184 2107 384 2181 cuieissueile
398 2108 553 2163 intellectu
561 2107 637 2178 suit.
673 2111 717 2162 lta
735 2111 812 2160 enim
830 2110 857 2161 h.
874 2108 894 2160 l.
913 2107 1068 2178 legendum
1078 2143 1087 2174 ,
1105 2121 1251 2164 etveoent

182 2194 286 2246 saepe,
307 2176 454 2230 immerito
478 2194 493 2227 e
511 2186 592 2228 textu
614 2177 753 2243 ejectam,
780 2195 842 2229 cuns
863 2176 983 2247 optimis
1001 2177 1087 2233 libris
1103 2194 1249 2232 revocan-

183 2245 250 2297 dam
272 2246 351 2308 essc,
368 2244 399 2296 in
420 2243 609 2297 adnotatione
629 2246 723 2298 nostra
747 2243 910 2298 docuimus.
947 2246 986 2298 At
1008 2247 1037 2298 ui
1060 2264 1123 2300 neu
1144 2254 1249 2320 saepe,

184 2312 235 2367 sed
251 2314 341 2365 semel
367 2321 478 2364 tantum
502 2329 566 2384 cap.
582 2315 608 2377 5,
626 2314 653 2368 3.
679 2330 854 2386 quamquam
867 2331 927 2366 nen
945 2263 1049 2366 iisdem
1063 2314 1185 2380 verbis,
1213 2331 1249 2370 ea

184 2381 340 2435 Cornelius
359 2381 446 2443 dixit,
467 2397 541 2453 quac
557 2381 670 2453 saepius
687 2399 717 2434 se
735 2382 848 2435 iterasse
865 2379 1035 2455 profitetur,
1053 2393 1085 2435 ut
1101 2382 1249 2436 hicetiam

183 2450 267 2502 locu's
282 2449 319 2501 ad
336 2467 471 2521 magnum
487 2448 525 2505 de
547 2450 625 2506 Viris
642 2448 816 2506 illustribus
831 2469 905 2522 epus
919 2451 1090 2522 pertinuisse
1098 2469 1160 2505 exc.
1170 2453 1250 2524 Imp.

183 2518 279 2584 vitas,
297 2536 357 2570 non
376 2518 533 2588 separatim
553 2518 644 2573 editas
663 2520 734 2582 effe,
757 2530 929 2592 argumente
946 2519 992 2572 sit.
1032 2521 1065 2572 ln
1079 2519 1131 2573 ille
1150 2530 1250 2575 autem

185 2603 277 2658 opere
292 2586 363 2658 quin
377 2587 498 2656 saepius
511 2589 609 2658 Nepos
627 2587 662 2640 de
679 2588 749 2654 justo
765 2588 919 2660 singularis
952 2588 1080 2641 otentiac
1097 2587 1252 2659 odiolvers

184 2653 223 2706 ba
243 2654 362 2719 lecerit,
393 2671 480 2709 nemo
503 2653 667 2717 dubitabit,
694 2657 743 2728 qui
763 2656 891 2709 alienum
913 2605 950 2709 ab
969 2656 1024 2710 boc
1042 2657 1170 2728 imperio
1186 2656 1252 2721 viri,

184 2721 312 2775 animum
332 2742 365 2776 ex
386 2725 602 2795 Imperatorum
624 2723 702 2781 Vitis
722 2725 905 2797 cognoverit.
943 2725 994 2778 Hie
1012 2724 1178 2779 rationibus
1195 2726 1248 2780 ad-

184 2789 286 2844 ductus
309 2794 392 2847 Vitas
415 2793 516 2846 excell.
533 2793 573 2844 Im
599 2804 749 2847 craterum
771 2803 884 2864 partem
901 2793 1071 2846 Corneliani
1089 2794 1191 2866 operis
1208 2793 1247 2849 de

184 2859 259 2913 viris
274 2860 432 2914 illustribus
449 2860 531 2914 suissc
547 2812 663 2927 iudice,
683 2880 770 2932 quam
785 2862 957 2914 sententiam
970 2861 1248 2936 Moscbiusqueque

186 2927 218 2980 in
234 2928 457 2994 Dissertatione‚
478 2931 559 2994 cujus
577 2932 661 3002 supra
677 2929 826 2995 (Praefat.
846 2928 911 2982 adn.
926 2931 989 2996 13.)
1008 2930 1187 2987 mentionem
1203 2931 1248 2986 sc·

188 2995 296 3060 cimus,
325 2999 510 3057 exornavit]

168 3105 204 3172 s)
227 3106 328 3164 [Hune
347 3106 444 3158 locum
459 3104 482 3158 si
501 3124 565 3158 cum
584 3109 630 3174 iis,
650 3125 724 3180 quae
742 3127 758 3164 a
774 3110 915 3166 Cornelio
932 3110 961 3162 in
976 3107 1245 3164 Praefatieniefine

187 3174 341 3240 dicuntur,
364 3191 528 3245 compares,
550 3187 579 3229 et
596 3179 1023 3253 excellentiumImperatorum
1038 3180 1111 3231 vitas
1122 3196 1182 3239 nen
1198 3195 1244 3232 se-

184 3242 311 3314 paratim
320 3242 496 3315 publicatas,
516 3243 566 3296 sed
585 3264 649 3298 eum
666 3247 732 3301 aliis
747 3249 873 3302 alierum
890 3249 966 3303 Vitis
982 3266 1042 3302 uno
1060 3262 1152 3320 opere
1165 3264 1245 3300 com-

184 3311 340 3383 prehensas
360 3311 442 3362 fuisse
465 3311 594 3383 cogites,
614 3313 700 3369 sacile
720 3317 884 3389 intelliges,
903 3334 989 3387 quam
1009 3317 1134 3369 alienum
1153 3325 1182 3368 et
1199 3315 1245 3368 in·

144 3427 145 3430 ,
184 3378 369 3432 commodum
383 3376 510 3445 illudfit,
529 3382 609 3452 qued
628 3384 783 3438 Cornelius
800 3385 925 3455 praefat.
942 3404 970 3437 n.
981 3385 1008 3438 8.
1030 3384 1147 3438 scribit:
1169 3391 1198 3439 et
1211 3384 1246 3441 in

185 3447 449 3519 becexpenemus
465 3445 568 3502 libro
587 3449 693 3508 devita
711 3450 995 3507 excellentium
1007 3455 1243 3526 Imperatorum.

183 3517 218 3569 In
234 3516 341 3587 quibus
357 3515 459 3569 verbis
476 3515 554 3571 liber
566 3529 658 3574 totum
675 3539 767 3591 opus,
787 3521 857 3575 duas
871 3532 969 3593 partes
988 3523 1182 3594 complexum,
1201 3521 1247 3575 di.

71 3630 91 3645 ,,
183 3585 276 3645 citur,
304 3603 394 3658 quum
415 3585 543 3642 Hannib.
571 3589 621 3655 13,
638 3594 665 3657 4.
685 3588 758 3644 libri
775 3591 973 3661 appellatione
994 3588 1243 3646 eatantummode

187 3652 288 3724 operis
311 3671 379 3722 pars
400 3653 608 3726 significetur,
627 3675 684 3727 qua
706 3659 905 3712 Romanorum
930 3660 1146 3730 Imperatorum
1165 3659 1245 3714 vitae

158 3749 168 3768 x
185 3720 421 3776 continebantur.
457 3724 557 3796 ltaque
575 3727 685 3779 Titzins
703 3727 734 3777 in
750 3727 912 3782 Introduct.
933 3727 1002 3782 edit.
1024 3744 1093 3780 suae
1110 3746 1140 3799 p.
1154 3730 1196 3783 25.
1215 3738 1244 3782 et
1276 3773 1284 3787 .

185 3788 215 3841 in
230 3799 293 3842 not.
310 3786 346 3842 ad
363 3789 490 3846 Praesat.
507 3794 620 3848 num-8.
641 3796 697 3847 liec
708 3794 776 3848 lece
793 3815 896 3850 vocem
904 3804 1099 3853 externorum
1109 3797 1172 3868 post
1185 3796 1243 3853 lm-

184 3865 361 3930 peruterum
379 3858 512 3912 excidisse
531 3861 699 3932 suspicatur.
737 3865 798 3936 Ege
819 3877 920 3919 centra
937 3867 1011 3919 hanc
1024 3882 1128 3925 vocem
1145 3867 1244 3940 etipse
1285 3856 1287 3877 i

186 3943 203 3980 a
217 3926 360 3991 ssernelio
376 3928 560 3998 profectam,
579 3946 675 4001 neque
688 3949 760 3985 vcro
777 3936 842 3987 casu
861 3933 1010 3999 excidisse,
1028 3934 1075 3987 sed
1092 3932 1128 3984 ab
1145 3953 1181 3989 eo
1198 3953 1244 3988 ex-

186 3993 290 4047 clusam
306 3993 360 4046 esse
376 3995 523 4060 arbitror,
543 3997 594 4069 qui
609 4000 824 4071 imperatorum
837 4004 934 4067 Vitas,
954 4021 1086 4075 emagno
1103 4002 1244 4059 Virorum

164 4059 357 4124 inlustrium
374 4063 533 4117 Volusnine
550 4079 723 4139 excerptas,
740 4070 893 4142 separatim
911 4071 973 4145 pest
990 4081 1113 4124 aetatem
1130 4074 1261 4127 Cerne-'

47 4196 54 4205 1
186 4129 221 4184 lii
236 4130 399 4203 publicavit
409 4165 430 4193 2..
444 4130 523 4202 qued
538 4133 573 4185 ab
589 4133 718 4190 Aemilio
737 4138 836 4193 Probo
853 4141 961 4193 sactum
975 4139 1075 4204 fuisse,
1107 4141 1242 4194 codicum

99 4268 105 4275 ¹
136 4256 144 4263 ⁸
185 4215 273 4295 mpnu
286 4198 463 4279 scriptorum
474 4199 645 4289 'testimonie
664 4205 782 4263 constat.
818 4211 892 4267 Nam
914 4208 1243 4284 Cornelius‚·quiipsa
