2594 4644
295 285 355 349 vi.
396 278 736 344 aasumensi.
790 280 926 340 ciui.
1082 283 1140 340 iia

71 478 213 566 riorum,
246 472 328 563 'qui,
371 477 458 564 quod
485 476 572 561 dicto
600 477 764 540 audientes
793 475 1041 559 imperatoribus
1074 477 1140 539 suis

87 708 144 763 ulis
157 709 251 779 ruptis
267 725 300 761 ac
314 705 479 779 perfractis.
494 706 546 759 insi
560 723 588 774 7,
622 712 707 773 sunt,
727 712 775 769 ut,
802 703 983 777 simulatque
1005 703 1140 772 uelimus,

68 726 96 841 b,
115 780 141 832 5.
160 774 587 833 Gebhardflancinilituinim-
623 780 793 845 accurrant.
820 775 892 830 Cato
914 775 948 828 de
967 789 1001 826 re
1014 774 1139 831 Rustica.

69 841 587 915 modestiampillchredescribitPlut.
623 842 738 900 Eadem
756 843 801 897 uti
815 849 898 898 curet
907 842 1063 914 faciatque
1076 861 1140 898 ma-

67 912 128 984 Lys.
150 931 178 983 p.
195 917 255 982 438.
271 931 329 984 seq.
364 909 421 964 Sed
440 910 589 966 Aristides
623 931 695 977 neo,
714 912 903 984 Dominoque
918 910 999 966 dicto
1020 909 1140 966 audiens

71 982 216 1052 Sophiste
242 983 389 1048 λευτρικῴ
414 979 512 1048 λόγῳ.
553 978 587 1030 Α.
623 981 670 1034 iit.
707 983 804 1034 Varro
824 978 859 1031 dc
880 996 913 1031 re
932 977 1044 1033 Rustica
1065 979 1097 1030 L.
1116 999 1137 1031 i.
1233 969 1257 1028 ,¹

68 1052 158 1112 dicit,
185 1048 360 1122 negligentia
378 1050 589 1117 Imperatorum
624 1067 647 1100 c.
669 1066 706 1117 17.
738 1045 866 1102 Facilius
888 1048 969 1103 enim
988 1045 1141 1116 hisquam

67 1120 124 1173 hoc
151 1119 294 1179 evenisse,
332 1133 391 1169 non
412 1112 589 1167 immodestia
622 1115 877 1171 minoribusnatu
898 1114 979 1171 dicto
1000 1121 1070 1169 sunt
1090 1132 1139 1170 au.
1167 1146 1174 1165 .
1242 1157 1247 1166 .

67 1187 203 1240 militum.
218 1183 394 1241 Lambinus.
411 1179 491 1234 Adde
502 1181 587 1236 Fron·
623 1181 742 1238 dientes.
753 1180 901 1238 Gebhard.
921 1186 1003 1237 Hune
1019 1183 1141 1254 loquer·
1243 1217 1246 1224 -

68 1257 166 1309 tinum
181 1274 207 1318 a,
222 1274 245 1318 i,
257 1254 296 1307 18.
315 1250 422 1304 Bosius.
450 1247 588 1302 Nonnulli
624 1249 651 1304 di
674 1268 785 1304 morem
808 1251 984 1305 illustrarunt
995 1253 1028 1304 P.
1039 1252 1154 1307 Manu-s·

67 1324 123 1375 hoc
136 1322 269 1375 tribuunt
282 1317 456 1392 proditioni,
469 1335 525 1388 qua
535 1319 587 1387 Ty·
622 1319 679 1372 tius
697 1318 733 1371 ad
748 1319 877 1374 Caelium
892 1320 958 1373 Lib.
967 1320 995 1373 8.
1012 1318 1048 1372 ad
1061 1322 1138 1372 Fam.

66 1388 137 1443 deus
166 1399 194 1442 et
217 1388 385 1443 Adimantus
405 1402 421 1437 a
444 1383 588 1455 Lysandro
624 1380 725 1440 cina
749 1393 800 1468 ..4
827 1398 855 1440 et
880 1404 1005 1443 summus
1026 1388 1141 1441 Grono-

67 1472 141 1510 auro
157 1455 288 1528 corrupti
298 1453 508 1509 Atheniensium
517 1453 587 1505 clas·
623 1455 686 1508 vius
707 1405 746 1512 ad
754 1456 869 1510 Livium
879 1455 944 1509 Lib.
960 1473 998 1522 aa
1019 1472 1082 1527 cap.
1095 1473 1138 1508 ao.

66 1541 126 1578 sem
145 1526 174 1576 in
193 1521 326 1595 Lysandri
345 1521 513 1595 potestatem
530 1530 586 1572 tra·
621 1524 677 1591 jam
703 1541 718 1575 a
744 1523 826 1577 Bulio
850 1523 880 1576 in
900 1521 1005 1576 indice
1026 1523 1138 1576 citatus.

66 1590 376 1676 didilseperliiboutur,
396 1587 587 1667 idquodunte
621 1590 662 1674 (p.
675 1593 748 1657 188.)
770 1591 887 1646 Cottius
904 1589 940 1644 ad
956 1590 1065 1646 Sallust.
1087 1592 1138 1645 Ca.

66 1655 586 1804 {stultassistitisiti
621 1661 717 1781 snt:
733 1659 1140 1782 itittsifnisifusfft:

66 1793 125 1849 Sed
150 1812 213 1847 cuni
238 1793 333 1847 nostro
365 1793 468 1847 consec
500 1802 587 1846 etiam
621 1814 699 1851 vers.
720 1799 760 1852 ιδ.
781 1796 831 1866 qui
853 1795 888 1848 de
908 1795 1044 1849 similibus
1059 1795 1137 1848 Dati-
1189 1850 1191 1857 ,

65 1862 141 1915 Plut.
162 1862 191 1914 iii
208 1860 301 1915 Alcib.
318 1876 385 1934 pag.
405 1879 458 1924 211,
478 1878 536 1913 212·
557 1869 587 1912 et
621 1866 665 1918 vis
686 1864 763 1936 agit,
794 1872 822 1916 et
846 1863 942 1917 Belius
960 1861 996 1915 ad
1011 1862 1139 1916 Datamis

64 1931 202 2000 Polyaen.
220 1929 286 1983 Lib.
309 1947 332 1980 ι.
352 1933 442 1986 strat.
466 1947 488 1980 c.
503 1932 544 1996 45·
560 1926 583 1994 §-
619 1933 708 1986 vitain
726 1950 751 1984 c.
764 1948 790 1984 a.
811 1948 840 1984 n.
857 1931 883 1986 3.
901 1930 1138 1986 ubitamenVos·

65 2015 90 2049 2.
110 2008 141 2049 ut
157 1998 212 2065 jam
232 1996 282 2049 alii
300 2006 475 2051 monuerunt
486 2016 495 2063 3
516 2006 584 2048 atta·
620 1999 693 2054 sioni
717 1998 752 2054 A.
776 2008 805 2052 et
826 2000 858 2052 Β.
884 2000 967 2072 regis
988 1995 1069 2053 dieto
1084 2016 1137 2051 au·

65 2082 131 2118 men
150 2065 340 2120 Athenienses
359 2065 518 2138 praecipue
532 2065 583 2144 Ly:
620 2068 706 2124 diens
729 2066 874 2121 exhibent.

64 2131 162 2185 saudri
199 2131 337 2207 prudenti
371 2131 440 2185 dolo
465 2133 585 2185 militari
826 2185 833 2199 ⁸
926 2183 934 2197 .
1047 2180 1085 2194 Η
1127 2181 1134 2198 .

63 2200 146 2253 sueie
164 2199 299 2275 decepti,
317 2211 349 2254 ui
367 2218 382 2252 e
397 2201 470 2254 Plui.
491 2201 519 2252 in
534 2201 585 2268 Ly.
655 2182 862 2258 imperatorib.
886 2178 966 2248 suis]
991 2181 1143 2247 Alcibiadi,

64 2267 187 2332 candro,
208 2286 292 2339 quem
305 2268 460 2320 Lambinus
473 2269 583 2334 citavit,
618 2257 717 2327 Praeci
739 2269 787 2306 ue.
815 2254 886 2306 Nam
909 2267 973 2305 cum
996 2247 1136 2302 Lacedae·

62 2337 166 2408 liquct.
188 2337 263 2390 uuir.
276 2339 308 2392 G.
320 2334 512 2392 immodestia
515 2334 583 2405 hic·
618 2323 708 2377 Πῐθῐῑῑῑ
748 2319 914 2391 isandrumi
933 2317 1050 2374 ¹1⁰¹¹¹l¹¹0
1071 2317 1136 2390 (1¹¹5-

62 2412 126 2457 tum
144 2403 394 2460 aduersariorum.
416 2403 483 2458 vide
505 2403 541 2457 ad
558 2423 583 2458 o.
619 2390 683 2442 dem
697 2393 840 2461 legatum,
858 2403 962 2442 revera
976 2384 1136 2465 aulemdu·

62 2473 89 2527 3.
109 2471 248 2526 Aristidis.
619 2476 680 2511 cem
697 2459 732 2513 ad
747 2456 856 2510 bellum
871 2465 973 2509 contra
983 2453 1137 2507 Athemen-

618 2526 660 2578 ses
686 2521 842 2598 gerendum
866 2523 1030 2585 mitterent,
1049 2520 1136 2593 idque

101 2587 188 2662 Quod
208 2587 288 2644 dicto
312 2587 470 2644 audientes
490 2591 583 2661 Impe-
618 2605 678 2646 tum
699 2593 822 2664 reliquis
851 2591 955 2656 sociis,
989 2600 1049 2642 tuni
1071 2589 1150 2662 ipso'

61 2657 213 2713 rotatibus
227 2659 289 2712 suis
307 2676 368 2712 non
388 2655 494 2725 erant]
519 2662 585 2712 uon
619 2680 737 2735 quoque
754 2665 830 2744 Cyro
840 2656 1048 2732 postulantibus
1054 2676 1063 2724 3
1075 2658 1135 2710 acri

60 2723 355 2799 obtemperaverant,
375 2743 470 2799 neque
483 2743 584 2779 corum
620 2730 696 2782 enim
710 2741 739 2785 et
756 2728 886 2800 vigilanti
904 2727 975 2779 duce
988 2745 1005 2780 o
1028 2735 1138 2780 riserat

59 2792 202 2847 mandatis
216 2793 455 2847 auscultaveraiit.
486 2795 527 2847 lta
545 2794 585 2849 lo÷
618 2798 679 2869 posi
698 2797 806 2851 cladem
822 2793 991 2849 aCallicrati
1013 2790 1134 2849 aadAr-

41 2859 160 2931 ‘quitur
190 2861 329 2934 purissimi
365 2864 426 2916 oris
460 2861 585 2933 scriptor
620 2865 909 2937 ginusasacceptttm5
929 2862 1149 2938 ipsecutttco·¹

60 2930 215 2984 Cornelius
234 2940 262 2982 et
279 2929 439 3000 Iphicrate:
467 2931 502 2984 tu
521 2927 584 2984 nul·
618 2933 675 3006 piis
694 2933 845 3018 profectus
866 2931 955 2987 urbes
972 2933 1082 3006 aliquot
1100 2932 1136 2985 A·

60 2995 110 3050 lae
127 3015 265 3069 'unquam
292 3002 324 3055 in
348 2998 475 3053 Graecia
493 3016 586 3068 neque
619 3002 722 3057 siaeiu
760 2999 1133 3070 otestatemsuainredcgiti

61 3067 583 3139 exercitatioreseopiae‚nequema·
618 3021 765 3144 pugnandi
786 3081 880 3126 tamen
899 3069 1063 3123 facultatem
1082 3068 1133 3122 du·
1183 3100 1184 3105 =

57 3134 110 3206 gis
123 3131 202 3189 dicto
212 3134 361 3189 audientes
370 3133 490 3205 fuerint
500 3133 578 3188 (luci.
615 3139 699 3194 cibus
720 3137 936 3196 Atheniensibus
969 3155 1027 3191 non
1052 3136 1132 3190 secit.

58 3207 96 3258 Et
111 3200 253 3274 Agesilao:
273 3211 361 3259 tanta
372 3204 519 3259 modestia
533 3202 579 3258 di·
614 3207 705 3283 Quam
723 3210 784 3277 ejus
794 3205 980 3259 calliditatem
990 3223 1054 3258 eum
1066 3202 1133 3277 pari

58 3269 580 3343 ctoaiulienssuitjussisatientiiim
612 3274 763 3344 praeditus
787 3277 905 3348 ingenio
922 3273 1139 3327 animadverte·

59 3340 313 3407 allagistratuum.
353 3344 450 3418 Quare
485 3357 577 3392 einen.
613 3343 857 3408 rethlcibiades‚
878 3358 995 3415 operam
1015 3342 1133 3395 suamet

56 3409 183 3464 dandum
200 3410 300 3464 censeo
317 3413 452 3463 Datame:
480 3408 578 3480 Thyias
613 3410 760 3466 consilium
776 3412 902 3465 offerens
916 3427 931 3462 a
947 3409 1067 3463 ducibus
1083 3411 1130 3462 At-

56 3481 125 3549 regi
148 3475 229 3532 dicto
269 3476 389 3532 audiens
412 3494 473 3532 non
501 3484 575 3532 erat.
612 3479 677 3532 tieis
692 3497 751 3534 non
775 3480 829 3534 line
845 3478 1018 3533 contumelia
1036 3479 1130 3549 repel-
1225 3526 1226 3533 ,

56 3546 278 3602 (laesarLib.i.
304 3547 415 3599 Comm.
440 3543 475 3598 ile
493 3546 575 3599 Bello
610 3546 692 3601 litui.
718 3547 807 3616 Cujus
832 3547 886 3600 sive
906 3547 1058 3618 superbiae
1074 3548 1130 3601 sive
1196 3573 1199 3585 .

55 3614 170 3669 Gallico
185 3619 261 3682 alo.
285 3612 575 3690 Quibuscunqueex-
610 3614 823 3689 imprudentiae
840 3631 941 3688 graves
967 3634 1033 3670 mox
1057 3632 1128 3688 poe-

54 3683 165 3737 ercitus
182 3679 262 3737 dicto
275 3681 393 3736 audiens
407 3681 574 3753 nonfuerit.
609 3701 661 3736 nas
679 3681 837 3752 dederunt,
863 3682 976 3736 artibus
991 3683 1130 3755 Lysandri

53 3749 168 3804 Auctor
183 3749 218 3802 de
233 3752 298 3806 Vir.
315 3751 416 3804 Illullr.
435 3770 460 3804 c.
471 3769 497 3816 7.
521 3748 577 3807 Pe·
611 3750 817 3817 circumventi,
846 3761 875 3804 et
890 3750 1013 3821 oppressi
1030 3751 1129 3805 adhe-

54 3825 132 3879 tere,
159 3825 191 3872 ut
213 3819 356 3881 iuterim,
379 3817 450 3873 dum
471 3836 576 3874 conua-
611 3831 812 3892 gospotamos
828 3820 1009 3874 Chersonesi.
1037 3820 1130 3873 Periit

54 3885 156 3948 lesaii,
186 3883 289 3942 Seruio
317 3885 404 3943 Tullo
428 3885 508 3942 dicto
529 3905 577 3941 au·
600 3899 670 3942 tum
679 3899 796 3960 praeter
811 3887 1128 3942 exercitumAthenien-

54 3953 166 4008 dientes
175 3963 282 4011 essent.
301 3955 418 4008 Plautus
431 3953 574 4027 Amphitr.
611 3955 684 4009 sium
702 3956 789 4011 claffii
806 3972 909 4011 eorum
924 3955 1129 4012 instructissima

54 4023 122 4096 Ego
134 4041 201 4078 sum
215 4022 280 4079 Joui
294 4021 374 4078 dicio
387 4021 515 4077 audiani.
529 4022 574 4077 ei.
612 4041 708 4077 ccxxx.
725 4025 851 4078 nemum.
888 4023 981 4096 Atque
1004 4025 1056 4078 hac
1079 4042 1126 4077 ra.

54 4091 320 4146 oerodellivinat.
360 4091 439 4152 Istae
465 4091 574 4163 imagi·
609 4090 691 4142 tione
714 4091 861 4162 Lysander
885 4092 1038 4147 victoriam
1057 4112 1127 4148 eon.

53 4179 107 4219 nes
132 4162 178 4237 ita
207 4159 294 4239 nobis
318 4158 400 4219 dicto
424 4158 584 4237 audientes,
611 4161 782 4217 secutusell.
805 4160 978 4243 Quodcerte
986 4163 1132 4238 Nepotem·
