2594 4644
162 313 240 381 01¹
490 246 916 356 resr1uou1i

157 507 306 584 ,redonum
328 526 491 589 excoque
515 505 669 565 continuo
685 504 857 589 Philippus
872 526 947 577 rex,
969 506 1125 589 Amyntae
1146 502 1250 581 filino,

161 627 194 677 et
209 612 394 675 Alexander
408 617 554 696 Magnus.
598 612 727 674 Deinde
747 611 892 675 succedit
904 631 984 696 gens
1002 614 1193 694 Epirotarum,
1211 624 1244 675 et

159 743 200 786 ex
217 743 255 784 ea
277 743 337 784 rex
354 720 509 799 Pyrrhus.
551 717 666 782 Postea
684 740 765 802 gens
785 719 891 792 Siculo,
916 740 957 781 ex
979 740 1040 804 qua
1057 719 1239 804 nobispro·
1290 739 1292 774 1

73 882 77 896 .
159 822 249 893 ducit
265 825 447 908 Dionyfium
461 825 621 910 priorem.
664 830 748 886 Tum
766 827 907 910 denique
924 828 1052 912 attingit
1075 826 1238 910 separatim

159 960 242 1001 novos
262 938 323 998 illos
337 937 422 1018 Reges
440 935 543 994 laotos
562 954 602 993 ex
622 933 733 996 amicis
752 949 785 997 et
800 934 976 1019 praelectis
986 935 1165 997 Alexandri
1178 939 1239 996 Ma·

94 1026 106 1037 ’
160 1047 235 1132 gni,
268 1044 487 1127 Antigonum,
517 1040 740 1116 Demetrium,
782 1040 1018 1122 Lylimaehum,
1062 1042 1239 1116 Seleucum,

159 1153 390 1215 Ptolemaeum.
433 1151 477 1210 At
492 1167 576 1209 nunc
595 1149 759 1233 paululum
775 1151 887 1212 oculos
905 1156 1132 1229 convertamus
1148 1149 1189 1211 ad
1197 1150 1242 1212 lo·

160 1259 243 1322 aiem
258 1258 489 1342 imperatorum
507 1257 726 1328 Graecorum,
750 1276 832 1340 quos
854 1247 917 1318 huc
936 1276 1039 1341 usque
1057 1278 1093 1319 se
1109 1257 1155 1320 ait
1170 1276 1252 1342 per-¹

158 1364 305 1428 tractnffe
321 1375 445 1425 auctor.
487 1361 554 1436 lbi,
578 1382 676 1445 quum
693 1361 826 1446 prorsus
840 1362 922 1424 nihil
937 1361 1138 1428 difficultatis
1151 1382 1245 1448 repe·

160 1472 282 1546 riatur,
313 1490 376 1554 quo
402 1468 507 1529 minus
532 1465 631 1530 simili
650 1467 776 1531 ratione
794 1483 906 1532 auctor
929 1470 1128 1554 singularum
1144 1472 1245 1533 Graec

162 1579 230 1641 cine
246 1577 428 1650 civitatum,
450 1574 538 1636 inter
548 1595 583 1635 se
594 1589 828 1658 separatarum,
852 1576 952 1640 duces
961 1581 1160 1642 excellentes
1171 1598 1245 1662 per·

160 1699 260 1768 petuo
277 1681 393 1744 ordine
410 1680 593 1766 producere
609 1682 752 1764 potuerit
762 1700 772 1762 3
794 1681 891 1746 immo
909 1707 927 1745 a
944 1688 1059 1770 quovis
1070 1707 1248 1770 cognosca-

161 1789 233 1865 tui,
255 1790 315 1852 hac
334 1785 486 1851 methodo
505 1786 644 1849 instituta
666 1788 773 1850 minus
800 1792 971 1874 operosum
994 1792 1248 1878 conquisitionis

161 1911 256 1981 atque
274 1892 481 1980 expolitionis
500 1893 646 1955 lahorem
660 1895 694 1954 in
714 1895 777 1960 hoc
797 1917 898 1981 opere
921 1897 1065 1962 dehuille
1081 1900 1179 1963 reddi
1192 1921 1249 1962 au·

58 2079 64 2100 ¹
161 2002 266 2082 ctori3
288 1999 578 2087 deprehendimus,
600 1997 669 2086 poll
685 2015 754 2065 tres
771 2001 1011 2069 Atheniensium
1027 2006 1126 2070 duces
1144 2009 1248 2073 inter·

50 2186 55 2205 ·
160 2111 302 2196 positum
318 2109 608 2172 Lacedaemonium
624 2128 742 2182 unum,
764 2107 883 2173 deinde
907 2111 999 2197 sequi
1020 2113 1126 2176 denuo
1146 2116 1249 2180 Athe·

159 2218 303 2279 niensem
319 2237 435 2290 unum,
467 2229 500 2277 et
518 2215 636 2276 iterum
659 2213 968 2294 Lacedaemonium,
999 2240 1066 2283 tum
1084 2209 1154 2285 tre's
1170 2244 1249 2286 eon-

162 2323 252 2384 tinuo
269 2320 499 2396 Athenienses,
524 2341 605 2406 quos
622 2341 639 2380 a
657 2317 726 2405 poll
741 2319 983 2406 insequentibus
1002 2329 1106 2390 tribus
1119 2330 1249 2393 abrum-

118 2450 123 2459 ·
160 2430 209 2514 pit
220 2430 348 2491 Siculus
362 2429 417 2491 seu
430 2430 643 2510 Syracusanus
658 2429 762 2490 Dion:
782 2427 976 2512 postremum
989 2433 1129 2521 denique
1146 2436 1248 2502 Athe·

160 2536 304 2600 niensem
330 2511 531 2600 Phocionem
556 2535 699 2599 avulsum
729 2558 747 2596 a
772 2538 1041 2619 praecedentibus
1070 2546 1247 2621 cernimus,

161 2665 225 2707 non
242 2644 339 2708 modo
361 2642 523 2705 Thebanis
547 2642 672 2703 dnobus
697 2662 770 2703 cunr
796 2640 955 2726 postremo
974 2649 1248 2730 Lacedaemonio,

162 2752 216 2815 sed
237 2751 395 2815 Gordiano
424 2751 520 2814 etiam
544 2752 710 2823 Eumene,
742 2762 776 2811 et
790 2748 928 2814 barbaro
947 2777 1095 2840 quoque,
1130 2761 1159 2819 si
1181 2758 1249 2825 diis

161 2861 283 2943 placet,
304 2861 454 2933 Datame,
478 2872 626 2942 tanquam
648 2855 854 2930 retinaculis,
876 2856 1069 2943 interjectis.
1100 2866 1248 2931 Tandem

59 2997 65 3009 ·
162 2965 281 3030 claudit
298 2985 413 3049 agmen
438 2964 625 3028 Corinthius
645 2963 826 3025 Timoleon.
869 2967 912 3028 Et
932 2966 1020 3030 illam
1043 2969 1256 3035 disturbatio·-

161 3093 236 3133 nem
252 3085 347 3156 atque
363 3070 666 3133 interturbationem
685 3071 841 3137 Graeciae
865 3074 1029 3140 civitatum
1051 3079 1131 3140 mihi
1148 3098 1248 3143 excu-

162 3179 209 3240 l'et
225 3177 456 3271 chronologiae
478 3177 584 3241 ratio?
605 3178 701 3239 Nullo
718 3178 827 3244 modo.
861 3182 966 3278 Quid,
986 3186 1073 3270 qnod
1088 3208 1130 3257 ne
1148 3188 1247 3251 chro-

160 3285 290 3368 nologia
306 3284 457 3370 quidem,
480 3305 574 3370 quom
591 3283 737 3349 editores
752 3302 961 3371 praetexunt,
983 3290 1037 3355 hie
1059 3309 1175 3358 exacte
1194 3318 1246 3358 aa*

159 3390 202 3452 tis
221 3391 358 3454 constat?
396 3393 551 3476 Alioquin
579 3392 665 3453 enim
689 3394 864 3478 Pelopidas
894 3399 1113 3481 praecedere,
1150 3401 1246 3488 sequi

159 3500 398 3582 Epaminondas
418 3498 592 3573 dobuillet,
615 3500 703 3584 quod
718 3515 824 3578 mitten
842 3502 1007 3567 olarillima
1018 3505 1247 3572 humorisver-

102 3685 105 3688 Ι
159 3604 200 3667 hs
215 3626 282 3667 non
299 3606 488 3682 admittunt,
512 3607 567 3693 qui
585 3608 620 3668 in
635 3606 793 3694 Pelopida
813 3609 853 3673 ad
871 3613 1125 3697 Epaminondam
1143 3615 1247 3702 respi-

160 3712 250 3774 ciens
269 3712 332 3775 ait:
353 3717 427 3798 fleur
438 3716 525 3798 supra
545 3717 694 3777 docuimus.

240 3861 304 3928 Vel
329 3863 402 3939 his,
434 3887 514 3952 quae
539 3865 694 3929 hactenus
713 3867 947 3952 prolaticium,
971 3860 1071 3949 credo
1089 3870 1244 3958 suspicio·

160 3988 235 4030 nem
250 3967 359 4048 juliam
374 3973 456 4034 oriri
470 3973 532 4053 jam
550 3972 672 4035 debere
689 3974 722 4036 in
738 3978 897 4053 omnibus,
921 3978 1068 4041 ordinem
1088 3978 1179 4041 illum
1193 3978 1245 4042 vi·

71 4054 74 4065 ¹
159 4086 265 4136 tarum
286 4096 351 4137 non
375 4076 439 4140 elle
461 4077 644 4164 profectum
663 4102 680 4143 a
701 4086 844 4168 Nepote,
880 4084 936 4144 sed
959 4084 1027 4166 ejus
1048 4085 1246 4148 ordinationi

163 4180 268 4246 aliena
282 4203 376 4251 manu
394 4185 460 4249 rim
477 4183 541 4248 effe
557 4182 751 4267 adhibitam,
783 4189 1063 4279 turbationemque
1084 4195 1184 4257 totius
1195 4176 1198 4181 ¹
1210 4214 1246 4256 o·
