2594 4644
334 61 341 72 x
404 40 408 44 Ι
433 87 435 91 ¹
525 64 533 92 Ι

255 266 360 354 xIV.
400 266 764 330 Pausanias.
809 267 899 329 Cae.
929 271 995 328 lll.
1126 273 1183 358 155

53 510 55 521 ·
113 468 351 552 sequebantur3
403 469 591 552 epulabatur
633 489 723 530 more
766 473 939 533 Persarum
975 472 1182 547 luxuriosius,

53 630 55 635 .
106 580 216 656 quam,
261 573 317 658 qui
346 574 494 652 aderant,
537 574 667 658 perpeti
694 584 847 657 possent3
889 570 1010 634 aditum
1044 575 1183 658 petenti-

259 686 275 721 X

102 782 342 870 :enercitationes
398 805 629 879 comprobasset.
666 803 734 859 inde
756 812 856 880 patet,
881 803 961 878 quod
984 805 1136 880 peregrini
1155 804 1185 858 in

101 875 157 942 ,stc
174 874 350 944 Pausanias,
370 886 403 928 ut
418 886 548 947 captaret
562 878 630 929 Per·
667 891 769 929 eorum
792 872 890 926 luxum
914 874 1065 947 prolapsi,
1096 873 1186 926 vitam

108 959 204 997 sarum
222 941 372 1007 savorem,
398 943 536 1016 cultuque
553 961 632 996 men·
667 951 838 995 summonte
858 941 1018 1006 mutabant,
1036 953 1067 994 ut
1081 940 1117 994 de
1132 944 1187 994 Ta-

106 1019 164 1063 tem
178 1008 478 1075 ostenderet,ltlodiea
497 1011 571 1064 veste
588 1012 631 1065 uti
667 1010 721 1064 cho
746 1010 955 1132 Aegyptiorum
982 1012 1061 1082 Rege
1085 1019 1187 1063 narrat
1240 1041 1242 1044 -

106 1077 221 1141 voluit,
252 1079 367 1146 abjecto
394 1080 501 1132 amictu
522 1079 632 1152 patrio,
666 1078 805 1133 Aelianus
840 1079 883 1131 ib.
900 1080 926 1134 5.
955 1083 992 1135 V.
1018 1081 1051 1132 H.
1077 1097 1138 1151 cap.
1162 1097 1184 1130 1.

100 1145 632 1221 'obsoletiore,quamvidereturtan-
666 1164 756 1219 quare
778 1146 880 1201 mirari
906 1163 966 1200 non
983 1146 1137 1211 dehemus,
1160 1145 1185 1200 si

105 1223 138 1268 to
157 1213 292 1338 ἲεῆὶἒίο,
312 1214 443 1289 adquod
458 1216 630 1269 montisela-
666 1214 959 1286 quidam·Pausaniae
974 1215 1093 1269 comites
1112 1213 1187 1268 hane
1247 1249 1250 1254 -

101 1281 216 1336 ‘tiouea
238 1283 376 1356 spirabat,
387 1283 553 1337 convenire.
564 1284 629 1338 Flo·
665 1283 808 1339 luxuriam
818 1283 934 1357 perpeti
943 1301 1001 1337 nou
1014 1293 1184 1356 potuerunt.

106 1368 156 1410 ras
173 1355 211 1419 4,
233 1353 327 1415 11,t'i·
358 1350 392 1404 de
417 1353 454 1404 Μ.
480 1350 630 1405 Antonio:
690 1350 812 1407 Aditum
827 1350 994 1425 petentibus
1010 1352 1186 1407 conuenien-

101 1416 235 1493 -Yogae,
258 1419 395 1491 fascium
417 1418 528 1474 oblitus
551 1425 632 1474 totus
667 1419 700 1477 di
717 1439 779 1475 non
803 1417 929 1486 tiabat]
974 1420 1005 1476 si
1032 1420 1186 1487 moribus,

104 1487 141 1543 in
154 1484 327 1544 monstrum
341 1487 445 1554 istud,
473 1494 506 1541 ut
520 1496 631 1556 mente,
667 1491 745 1543 cultu
780 1489 960 1562 vestituque,
995 1489 1019 1550 si
1044 1499 1187 1561 apparatu

105 1557 151 1612 ita
177 1559 284 1613 animo
310 1555 552 1620 (Freinshemius
572 1558 629 1630 leg.
665 1557 815 1612 Barbaros
829 1557 1016 1622 imitabatur,
1043 1557 1186 1626 ἑυπροσο-

109 1626 235 1691 amicta)
252 1641 364 1697 quoquc
387 1632 417 1680 et
432 1623 514 1679 culta
537 1623 630 1680 alesci-
666 1629 720 1693 din
735 1626 804 1678 mite
820 1626 961 1680 Graeciae
978 1625 1188 1699 ingeniantex-
1279 1655 1280 1658 =

100 1700 199 1749 verat.
225 1694 357 1748 Aureum
372 1694 407 1747 in
427 1712 523 1750 manu
544 1694 630 1748 baca·
665 1696 770 1752 hibere
791 1692 938 1768 quomodo
964 1692 1217 1765 conveniehat‘t,

100 1758 188 1832 ·lum,·
214 1761 255 1817 ad
272 1760 353 1815 latus
372 1763 528 1828 acinacem
563 1781 630 1834 pur·
660 1767 744 1842 'Quip
768 1779 783 1816 e
808 1772 840 1814 ut
867 1763 989 1817 Tacitus
1012 1781 1037 1817 a.
1069 1763 1104 1817 A.
1119 1780 1145 1826 a,
1161 1764 1185 1817 6.

100 1829 632 1903 pareaacatisingentibusobstricta
665 1782 818 1905 perhibet,
843 1832 985 1904 prompti
1001 1830 1120 1896 aditus,
1138 1829 1187 1884 ob-

104 1899 231 1971 (p.145.)
248 1900 389 1972 gemmis,
406 1897 631 1954 diademaatle-
666 1903 716 1956 aia
739 1900 883 1967 comitas,
911 1900 1038 1972 ignotae
1059 1899 1188 1954 Parthis

103 1973 173 2036 rat,
193 1974 227 2021 ut
240 1969 350 2040 regina
367 1986 423 2022 rex
441 1966 630 2040 ipsej'ruere·
667 1972 808 2034 uirtutes,
825 1977 902 2022 noua
924 1968 1006 2022 uitia.
1044 1969 1089 2021 Est
1113 1984 1186 2020 vero

99 2041 166 2091 tur.
196 2036 335 2090 Ceterum
360 2046 393 2088 ut
413 2036 459 2088 hic
477 2036 631 2089 Pausanias
665 2037 861 2092 admissionum
873 2035 1027 2089 difficultas
1043 2035 1187 2088 familiare

103 2103 248 2158 Persicum
263 2103 394 2157 habitum
410 2103 630 2167 assimulavcrat,
665 2108 756 2160 cellae
766 2104 897 2179 potestati
909 2100 1183 2157 aedivitiisvitium.

100 2171 186 2247 ¹quod
204 2171 240 2224 ad
260 2187 311 2225 eos
328 2172 454 2226 transire
477 2171 630 2226 meditatus
664 2175 765 2230 Livius
783 2177 826 2241 alt,
846 2176 872 2229 5.
889 2171 925 2225 de
940 2170 1135 2242 Hieronymo:
1155 2190 1185 2224 a·

99 2251 184 2295 ‘erata
205 2240 245 2294 ita
266 2239 629 2310 quiLaeedaemoniisslu-
666 2242 748 2298 ditus
772 2260 834 2297 non
866 2239 977 2297 alienis
994 2241 1107 2308 modo,
1134 2237 1188 2295 scd

105 2309 235 2372 debant,
255 2311 391 2381 attactum
399 2326 481 2362 suum
491 2309 570 2361 cultu
582 2325 629 2362 eo·
665 2310 815 2368 tutoribus
830 2328 940 2382 quoque
955 2306 1109 2379 difficiles.
1123 2311 1185 2362 ’Τει-

97 2394 171 2431 rum
190 2378 330 2451 ass'umpto
348 2375 543 2430 denudabant.
563 2377 628 2432 Ari·
665 2381 740 2434 eitus
756 2386 782 2448 lp.
804 2380 839 2432 Α.
852 2385 895 2448 74,
914 2380 940 2434 3.
972 2381 1186 2447 Eovenirepa-

100 2447 272 2520 stapham
295 2444 518 2500 Crabronibus:
664 2457 742 2514 tres,
763 2465 867 2519 eques,
894 2461 1013 2517 magna
1034 2466 1106 2521 pars
1127 2445 1187 2518 ple-

99 2538 102 2543 ·
666 2517 722 2581 bis,
742 2516 830 2571 anxii
842 2532 917 2590 erga
931 2512 1187 2591 Sejanum,cujus

99 2597 103 2617 ²
137 2583 197 2639 Kal
207 2581 303 2639 ξυνών
312 2581 452 2650 Βρασίδα
462 2584 515 2632 καί
523 2587 630 2653 φορῶν
665 2585 771 2640 clarior
782 2602 971 2658 congressus,
992 2592 1079 2658 atque
1093 2602 1188 2709 caper

68 2698 73 2707 .
138 2651 303 2719 Κράσπεὸα
336 2648 510 2716 πεμμάτων,
547 2649 627 2715 τήνδ’
665 2653 804 2708 arnbitun
826 2661 855 2708 et
882 2656 1024 2710 societate
1048 2654 1131 2708 consi
1145 2656 1185 2708 ἰο-

161 2721 287 2810 χὑπήνην
306 2717 420 2790 ἄκυρον
438 2721 567 2791 τρέφων.
665 2741 733 2776 rum
746 2721 924 2796 parabatur.
958 2722 1019 2779 Per
1039 2721 1187 2778 ambitum
1245 2745 1248 2751 ¹

665 2791 754 2857 elicit,
782 2809 846 2844 cum
864 2790 1186 2863 nempernodoprcoio

98 2856 224 2914 Scholia
243 2856 365 2910 addunt:
395 2855 459 2911 ἀντὶ
474 2862 507 2911 τῦ
524 2855 628 2909 Aona>-
664 2877 719 2983 per
745 2857 952 2930 acceptissimos
976 2860 1073 2913 servos
1101 2876 1134 2915 aa
1152 2861 1186 2913 li·
1245 2878 1252 2901 t

98 2923 207 2987 vtem,
227 2921 272 2980 ὅτι
292 2930 321 2978 οἱ
336 2924 628 2993 Λακωνέὲοντεςτοι-
687 2939 785 2992 artos,
804 2924 892 2980 modo
908 2938 1097 3000 precemque
1113 2946 1188 2982 sum-

102 2999 183 3047 αὕτα
201 2993 378 3064 ἐπετήδευον
399 3007 454 3049 ete·
477 2993 627 3051 Gebhard.
664 3015 710 3050 ma
735 2995 901 3050 demissione
929 2997 965 3051 ab
993 2996 1055 3071 ipso
1079 2997 1185 3065 Sejano
1249 3033 1252 3037 ‹

89 3061 187 3121 ‚Leia
202 3071 280 3120 ueste
297 3062 430 3118 Medico.
665 3066 703 3139 (p.
718 3066 795 3187 aab.)
820 3065 986 3136 congressus
1010 3066 1077 3118 estet
1097 3066 1185 3136 impe-

99 3150 102 3155 ·
141 3130 369 3205 Sequebantur]
390 3131 571 3203 Thucydides
594 3131 627 3184 L.
664 3145 730 3188 tran
752 3152 797 3188 us.
834 3135 898 3186 Hoo
920 3131 1007 3187 modo
1027 3133 1184 3188 estintelli-

103 3217 131 3252 ι.
149 3218 173 3254 e.
194 3202 251 3256 siloa
271 3200 416 3258 atldit'dtci
437 3209 487 3258 cair
506 3199 630 3270 Θράκης
664 3202 774 3276 gendus
787 3200 978 3256 locusJustini
992 3222 1014 3262 1,
1032 3204 1058 3265 3,
1075 3220 1098 3256 a.
1113 3203 1185 3259 Cum

97 3268 318 3335 Ιπορευόμενον.
373 3298 376 3304 s
664 3271 787 3328 admitti
809 3289 927 3346 magna
952 3270 1118 3326 ambitione
1136 3291 1184 3327 ae·

96 3337 330 3460 pffi'mbam
347 3358 431 3396 more
448 3339 556 3402 Persi]
584 3342 628 3392 De
662 3357 719 3414 gre
744 3339 923 3396 obtinuisset
948 3340 1087 3396 Arbores.
1132 3339 1184 3394 Vi·

101 3548 135 3599 et
147 3544 322 3604 Athenaeus
339 3552 366 3614 ir
382 3549 414 3601 6.
436 3546 481 3600 Ad
494 3546 626 3619 praesen·
662 3544 733 3600 laus*
741 3546 818 3618 apud
836 3544 1012 3618 Euripidem
1022 3544 1185 3621 Iphigenia

71 3608 76 3623 ¹
97 3616 165 3669 tem
178 3615 268 3670 Probi
292 3620 389 3672 locum
409 3615 489 3686 quod
512 3615 626 3679 attinet,
663 3615 843 3673 Anticlensi:

99 3677 204 3754 legere
219 3702 256 3737 ne
270 3681 373 3758 pigeat*
381 3683 565 3741 Herodotum
575 3685 625 3737 lib.
731 3742 742 3754 „
1132 3748 1138 3755 ,

100 3764 130 3817 9.
161 3751 350 3808 Athenaeum
374 3751 394 3805 l.
424 3753 472 3807 cit.
497 3764 526 3807 et
553 3752 626 3810 Plu·
663 3784 667 3791 ·
696 3752 764 3811 ttae·
784 3749 1183 3820 taetaaetsttssatpttdma-

100 3820 203 3876 tarch.
220 3823 253 3876 in
270 3821 420 3896 Apophth.
441 3823 554 3879 Lacon.
566 3826 626 3877 Ma·
731 3821 877 3887 ταβαλών
890 3816 985 3874 ἄλλω
1001 3819 1112 3895 epo'aar

103 3886 179 3960 gius.
204 3892 315 3946 Contra
329 3888 628 3947 Lacedaemoniorum
696 3891 766 3947 Τοῖς
781 3890 920 3956 φίλοισιν
940 3888 1008 3945 aare
1026 3888 1110 3955 ababa
1121 3897 1184 3943 τοῖς

101 3960 199 4014 vietus
231 3959 343 4031 rigidus
374 3969 402 4011 et
426 3976 532 4031 parcus
553 3971 627 4026 erat,
730 3962 799 4028 πρὶν
816 3957 1107 4028 asapoatevattos.

101 4037 136 4081 ut
159 4026 246 4083 docet
267 4028 423 4084 Meursius
449 4027 626 4099 Miscellan.
665 4058 669 4067 ·
696 4027 915 4099 Avanpdaraon
928 4027 1186 4099 soaceshrttlaav,

102 4095 248 4153 Laconia.
271 4117 295 4159 1,
314 4099 338 4154 8.
363 4096 483 4151 Rosius.
510 4098 626 4176 Quanto
733 4098 865 4155 satiator.

102 4178 198 4238 spere
209 4164 323 4222 'Persae
345 4164 517 4224 indulserint
531 4165 626 4242 gulae,
813 4204 816 4209 -

174 3423 255 3461 arum
281 3409 375 3479 epulis
397 3410 534 3482 victuque
552 3408 627 3471 lera—
662 3412 735 3462 tium
756 3408 827 3464 istud
844 3407 904 3462 odii
920 3408 1117 3481 plenissimum
1134 3408 1185 3462 oh·
1267 3412 1270 3416 ’

66 3542 72 3547 .
101 3480 151 3528 tur
176 3474 316 3550 Xenoph.
336 3477 388 3532 lib.
405 3480 432 3534 8.
462 3476 625 3550 Cyropaecl.
661 3478 829 3546 jicitsratri
857 3477 1064 3548 Agamemnoni
1086 3478 1191 3539 otene„

1228 4048 1288 4153 p.
