2594 4644
371 242 994 355 connnn11uneor1s

557 634 681 697 CAP.
723 636 787 700 lv.

79 800 103 884 ¹1
188 819 306 881 Darius
335 831 439 878 autem
454 814 466 891 ',
510 837 608 900 quum
636 837 675 877 ex
703 818 834 898 Europa
869 813 903 874 in
939 812 1042 875 Aliam
1069 815 1216 900 rediffet,

125 925 329 1006 hortantibus
352 925 483 998 amieis,
520 937 555 984 ut
577 925 746 985 Graeciam
768 920 1101 1004 redigeret,in]suam
1121 938 1217 1008 pote.

54 1150 57 1159 ·
146 1138 202 1185 ue,
233 1117 369 1193 quando,
393 1130 432 1184 ,ut
456 1117 598 1192 privatim
616 1117 647 1168 fi.
684 1127 810 1191 propter
833 1117 954 1171 salutem
979 1129 1008 1172 et
1025 1118 1120 1173 Dario
1136 1129 1165 1172 et
1177 1120 1216 1174 U-

124 1140 178 1249 dus
199 1189 248 1252 sis,
270 1187 390 1261 publice
408 1207 468 1241 non
485 1187 574 1251 obsit,
596 1203 649 1238 nec
685 1190 752 1241 xori
768 1185 830 1252 ejus
848 1203 898 1238 sua
915 1204 973 1262 ope
990 1186 1160 1252 restitutam,
1179 1186 1217 1242 ad

124 1278 142 1313 a
174 1275 284 1311 summo
311 1256 477 1328 magistratu
510 1253 649 1308 interdic·
684 1255 741 1308 hoc
773 1253 884 1306 bellum
912 1255 1107 1324 incitaverat.¹
1136 1255 1217 1323 Vide

124 1320 196 1380 tum}
219 1324 278 1379 Aut
299 1341 370 1396 ergo
391 1324 503 1377 licuiffe
523 1323 649 1378 Miltiadi
684 1321 829 1377 Herodot.
845 1323 972 1377 Lib.111.
995 1340 1059 1445 cap.
1072 1325 1132 1389 131,
1153 1326 1216 1391 133,

124 1394 283 1448 amicitiam
300 1394 376 1449 inir'e
393 1411 458 1445 cum
474 1393 583 1456 Dario,
602 1402 650 1445 aut
688 1394 746 1460 134.
781 1409 846 1443 cum
864 1392 901 1445 cl.
928 1392 1111 1464 Welleingii
1130 1403 1214 1448 nota.

123 1463 205 1531 nefas
239 1462 332 1516 soille.
377 1461 408 1516 Si
435 1461 510 1526 hoc,
547 1461 650 1533 utiquc
683 1463 738 1525 Et,
763 1459 844 1532 quod
859 1459 1090 1515 inAtbenienses
1104 1462 1217 1518 Darius

70 1594 73 1599 ⁴
122 1548 281 1604 numquam
300 1529 475 1593 ineundam,
512 1531 536 1583 si
565 1527 648 1594 illud,
685 1528 773 1582 duces
788 1547 856 1582 suos
873 1529 1004 1593 miserit,
1022 1539 1215 1603 praeterser·

123 1618 183 1652 non
206 1597 430 1657 rescindendam
455 1598 562 1662 suiffe,
591 1599 662 1663 nisi¹
684 1616 772 1662 vum,
807 1597 948 1651 continuo
974 1599 1069 1670 ipsum
1092 1606 1215 1651 monen-

123 1685 158 1719 ex
177 1669 253 1734 justa
280 1668 383 1720 caulla.
426 1669 464 1719 At
488 1684 560 1720 vero
585 1684 650 1719 cum
684 1677 761 1734 tem,
794 1676 827 1718 ut
853 1666 1094 1719 reminisceretur
1125 1663 1214 1719 Athe-

122 1736 240 1789 falleret
255 1734 422 1800 Miltiades,
449 1734 578 1788 nondum
592 1739 648 1788 Da.
684 1733 840 1796 nienfium',
858 1735 989 1788 suasores
1006 1733 1233 1807 atqueimpul-·

41 1808 46 1830 ¹
77 1838 78 1843 =
123 1803 186 1858 rius
218 1804 390 1857 imminebat
418 1801 648 1868 Athenienlibus,
685 1820 767 1857 sores
789 1803 873 1855 fuere
894 1802 1093 1860 Pisistratidao.
1137 1801 1216 1860 Vide

123 1889 198 1944 quae
216 1872 377 1945 praecipue
397 1871 439 1924 illi
456 1871 556 1942 patria
574 1882 646 1925 erat.
684 1870 829 1926 llerodot.
844 1871 922 1931 Lib.
947 1891 989 1924 vr.
1035 1890 1100 1944 cap.
1120 1878 1165 1940 94.
1186 1872 1216 1927 et

121 1940 169 1999 llli
194 1940 325 1993 enimin
349 1940 418 1993 Asia
446 1941 553 1996 Graeci
578 1939 650 2013 quid
683 1951 747 1993 not.
767 1939 840 2013 poll.
862 1942 899 1994 Et
914 1941 945 1992 in
982 1941 1111 1996 rimisHi
1135 1941 1213 2014 pias,

53 2059 55 2064 .
122 2010 160 2065 ad
174 2007 339 2063 Miltiadem
360 2019 409 2061 aut
433 2009 648 2063 Athenienses?
684 2009 790 2076 utiam
815 2025 830 2060 e
854 1959 1091 2083 Thucydidemo
1136 2009 1213 2073 ravi,

122 2081 233 2154 quippe
263 2079 286 2132 si
319 2080 395 2130 male
424 2076 531 2132 deserti
565 2078 649 2130 fuere
685 2077 1024 2144 qui'Pcrsarumcomes,
1040 2077 1212 2132 etduxfuit.

120 2166 182 2202 non
199 2146 235 2199 ab
253 2138 479 2199 Atheniensibus
494 2144 581 2198 modo
599 2144 653 2199 sed
684 2144 765 2200 Adde
775 2146 916 2200 Clement.
927 2146 973 2201 Al.
984 2149 1050 2202 Lib.
1063 2167 1086 2200 1.
1099 2147 1211 2201 Strom.

4 2276 7 2283 ¹
118 2235 136 2270 a
155 2225 217 2269 tota
241 2215 383 2278 Graecia,
425 2213 497 2284 quid
519 2213 654 2286 impelle:
683 2215 833 2288 pag-348:
855 2214 1213 2289 Hifuerepraecipuea·

39 2324 44 2337 .
119 2285 173 2338 bat
195 2280 378 2347 Miltiadem,
419 2281 536 2354 privato
555 2282 650 2335 consi·
683 2283 771 2346 mici,
796 2282 846 2353 qui
863 2284 995 2349 Darium,
1014 2282 1213 2350 utGraeciam

119 2353 164 2405 lio
187 2349 344 2424 publicam,
368 2349 546 2404 Asianorum
569 2366 648 2404 caus·
685 2353 716 2406 in
745 2367 826 2405 suam
855 2353 1026 2422 potestatem
1052 2350 1212 2422 redigeret,

120 2438 182 2474 sam
199 2435 286 2491 agere
305 2429 388 2471 tanto
411 2437 476 2470 cum
503 2418 648 2472 crimine?
684 2422 803 2474 ficerunt
819 2419 949 2488 hortati3
979 2420 1029 2474 sed
1052 2424 1218 2477 occultaet

119 2489 218 2560 Usque
235 2487 347 2540 adeone
365 2486 455 2610 igitur
473 2487 503 2540 in
523 2499 649 2540 mentem
684 2505 755 2542 vera
774 2486 829 2541 fuit
843 2489 936 2542 cautla
950 2500 1130 2562 perpetuum
1148 2487 1211 2541 odi-

119 2557 227 2608 venire
248 2555 346 2628 potuit
385 2556 510 2608 ‘ornelio
528 2557 647 2629 Nepoti,
684 2575 733 2610 um
747 2557 805 2624 jam
822 2557 858 2609 ab
877 2559 1018 2612 Heroicis
1032 2576 1125 2631 usque
1141 2567 1219 2609 tem-¹

119 2634 202 2677 tanto
217 2624 302 2686 viro,
322 2623 479 2677 consitium
494 2623 566 2676 illud
578 2643 647 2698 pro·
683 2626 810 2698 poribus
826 2627 903 2677 inter
916 2625 1054 2680 Afiaticos
1071 2637 1101 2680 et
1117 2628 1213 2679 Euro·
1228 2682 1231 2689 ,

119 2693 193 2746 hare
220 2692 380 2755 Miltiadis,
415 2709 448 2744 ac
468 2710 648 2765 magnopere
683 2711 792 2767 paeos,
829 2693 909 2766 quod
932 2706 1013 2749 recte
1038 2693 1214 2749 observavit

118 2760 297 2815 laudandum
322 2757 460 2824 ceriscre,
496 2759 576 2834 quod
599 2762 648 2815 vel
684 2762 778 2815 celeb.
795 2763 978 2818 Burmann-us
994 2762 1219 2817 inPraesat:ad‘

69 2838 70 2841 ’
119 2829 258 2884 omnibus
272 2830 368 2893 sectis,
384 2830 554 2902 praecipuis
567 2847 647 2893 sane,
682 2831 749 2884 Val.
775 2831 923 2884 Flaccum.
961 2831 1038 2888 Vide
1064 2829 1211 2885 Herodot.

118 2898 387 2970 Peripateticorum
407 2899 662 2970 Stoicorumque,
681 2899 748 2951 Lib.
768 2919 791 2952 1.
820 2917 885 2971 cap.
903 2903 930 2964 3,
950 2905 985 2968 A,
1010 2903 1037 2956 5.
1067 2899 1135 2955 -Sed
1153 2899 1210 2966 sin,

119 2964 205 3017 valde
223 2965 647 3039 improbareturfflaecpro-
684 2967 814 3036 gulahic
834 2987 901 3030 ¹suo
934 2967 1039 3022 ordine
1068 2969 1211 3042 persequi

47 3090 52 3097 ¹
119 3033 180 3087 lire
205 3035 253 3087 vir
280 3032 473 3098 doctiffimus,
512 3044 544 3088 ut
571 3035 647 3101 obti-
683 3052 737 3088 nos
759 3055 820 3089 non
847 3036 939 3089 linunt
961 3047 1097 3090 notarum
1121 3053 1212 3108 angu-

119 3113 212 3166 neat,
251 3104 396 3175 Nepotem
432 3121 492 3155 non
528 3107 648 3155 rationem
684 3103 761 3156 stiae.
783 3105 1093 3176 Posterioribusnotis
1111 3104 1212 3159 deLe-

119 3170 282 3235 Miltiadis,
316 3169 368 3224 sed
386 3171 481 3240 ipsum
504 3187 648 3240 anagnopere
684 3173 756 3243 gatis
774 3174 845 3226 haec
864 3171 949 3226 addc.
985 3175 1059 3228 Cum
1074 3174 1211 3227 Himerio

120 3239 269 3292 laudandum
286 3238 435 3292 censuill'e.
473 3240 528 3294 cui
551 3251 648 3293 tamen
683 3251 778 3294 tamen
794 3241 864 3295 facit
878 3241 993 3295 Suidas.
1014 3241 1209 3296 CurtiusLib.

120 3325 158 3359 ne
176 3309 263 3381 plane
283 3308 446 3371 adsentiar,
475 3308 548 3362 facit
565 3310 647 3364 locus
683 3329 732 3363 111.
763 3328 828 3382 cap.
849 3329 889 3362 10.
927 3309 950 3376 ᾗ.
975 3311 1004 3365 8.
1029 3305 1104 3363 'dicit
1127 3313 1214 3362 inlota

119 3376 243 3449 Nepotis
265 3378 337 3430 alius
355 3393 387 3441 9,
417 3379 450 3438 5,
482 3396 508 3429 2.
531 3388 559 3430 et
573 3396 647 3450 quae
685 3380 803 3433 Graeciae
827 3380 885 3431 bello
904 3379 981 3432 Darii
997 3383 1087 3448 prius,
1123 3377 1214 3432 deinde

58 3479 61 3485 ‚
119 3441 313 3499 adnotatione
353 3446 488 3514 proximo
526 3464 646 3518 praece·
684 3447 782 3499 Xerxis
794 3447 945 3512 insolentia,
965 3464 1053 3517 aquam
1072 3448 1213 3516 ipsumter-

119 3510 207 3566 dente
228 3512 263 3581 [a
283 3511 461 3580 Gebhardo]
483 3513 645 3581 dictasunt,
681 3532 779 3584 raraque
805 3516 967 3584 poscentium.
1015 3515 1073 3571 Sed
1089 3515 1212 3570 Curtius

119 3580 216 3654 Bostus.¹
244 3624 247 3631 .
314 3586 316 3593 ’
682 3601 743 3635 non
775 3583 864 3648 dicit,
899 3584 1004 3637 Xerxis
1029 3583 1211 3657 legatosab

54 3662 57 3669 ’
119 3647 647 3721 (p.35)Hortantibusamicis]BelliPer-
682 3651 902 3705 Atheniensibus
918 3664 966 3706 aut
983 3654 1134 3726 Spartanis
1150 3663 1210 3704 ter-

119 3719 166 3774 lici
183 3719 268 3791 origo
287 3731 405 3773 externa
420 3719 475 3773 five
499 3722 591 3772 cautla
604 3719 647 3771 di·
682 3737 746 3772 ram
762 3731 790 3773 et
807 3737 911 3793 aquam
926 3722 1107 3793 poposcille:
1139 3737 1211 3775 sane
1245 3752 1247 3757 ·

91 3798 93 3803 '
120 3790 199 3842 citur
213 3786 294 3839 suillo
311 3787 406 3841 Atolla
419 3806 494 3843 uxor
508 3788 590 3842 Darii
601 3805 647 3840 ex·
683 3789 786 3842 Xerxis
808 3790 895 3862 legati
924 3800 1033 3841 terram
1058 3801 1087 3842 et
1103 3805 1210 3862 aquam

119 3868 222 3931 petens
239 3855 360 3909 ancillas
375 3857 541 3921 Lacaenas,
560 3856 647 3928 Argi·
681 3857 846 3927 petierunt,
873 3856 923 3910 sed
938 3857 974 3909 ab
991 3857 1055 3911 aliis
1073 3857 1208 3911 Graecis.

119 3944 188 3988 vas,
215 3922 325 3977 Atticas
343 3933 371 3976 et
388 3926 555 3978 Corinthias
571 3924 647 3977 fama
683 3924 786 3981 Suidas
797 3925 951 3978 confundit
960 3936 1051 3981 totam
1059 3927 1211 3979 historiam

120 3993 254 4048 celebres
263 4011 272 4059 3
293 4009 379 4065 quam
394 3993 574 4047 Democedes
589 4011 646 4046 mc·
681 4004 871 4046 memoratam
897 3995 933 4046 ab
960 3994 1114 4047 Herodoto
1139 3994 1207 4048 Lib.

79 4061 83 4065 ’
120 4062 203 4116 dicus
212 4060 395 4128 Crotoniata,
407 4062 474 4129 quia
485 4061 648 4135 inpalriam
681 4081 738 4115 vn.
759 4080 822 4134 cap.
844 4064 969 4143 133134.
989 4060 1126 4134 usquead
1141 4070 1241 4144 caps

123 4128 222 4187 redire
233 4129 387 4201 cupiebat,
407 4131 516 4183 licetin
535 4148 646 4184 summo
684 4131 742 4185 138.
768 4148 835 4182 nam
850 4130 932 4183 Bulis
950 4130 999 4182 rlle
1022 4141 1051 4182 et
1066 4130 1209 4203 Sperchio

87 4241 93 4261 ,
119 4199 235 4255 honore
243 4196 336 4272 apud,
345 4196 440 4273 ipswn
449 4198 571 4253 Darium
580 4199 649 4256 ellet
682 4198 738 4255 live
754 4199 927 4274 Sperthies,
954 4208 987 4254 ut
1009 4197 1089 4272 apud
1112 4201 1209 4261 Hero·
