2594 4644
126 297 133 310 ·
219 286 808 376 xv.aeau1u0uunn
854 305 978 366 ciui.
1080 311 1139 383 45.

51 537 113 592 ea,
158 541 239 604 quae
267 518 349 604 ipsis
377 519 503 584 leviora
532 514 623 593 eunt,
665 520 737 604 pari
773 518 870 609 modo
900 518 985 602 apud
1012 510 1142 582 ceteros

52 624 161 687 fuisse
190 627 409 691 arbitrentur..
448 627 576 698 Scimus
606 626 710 702 enim,
753 625 900 689 musicen
928 626 1051 689 nostris
1073 642 1183 686 mo-2

52 732 149 793 ribus
185 733 299 796 abesse
329 755 346 794 a
381 733 540 819 principis
576 755 735 819 persona,
780 732 903 800 saltare,
931 752 1013 794 vero
1046 710 1145 796 etiem
1208 741 1210 745 '

51 839 93 900 in
121 836 210 902 vitiis
246 840 336 922 poni·
400 839 489 935 Quae
526 841 633 902 omnia
667 838 752 926 apud
768 902 772 911 ,
786 818 930 901 Graecos
971 851 1004 900 ct
1039 852 1141 926 grata,

75 1045 220 1101 Musicen
229 1043 582 1112 nostrismoribusfflaec
616 1045 755 1099 tioribus.
791 1047 826 1100 In
843 1047 950 1110 ceteris
965 1065 1033 1104 uero
1057 1048 1143 1104 omit.

57 1113 195 1167 advetus
217 1132 319 1167 aevum
339 1134 351 1169 s
375 1125 480 1168 ectant.
511 1117 583 1169 Nam
617 1110 723 1181 titum]

19 1186 23 1191 '
81 1183 156 1236 ostca
168 1191 307 1235 mutatum
324 1183 389 1239 furt.
410 1185 443 1235 ln
460 1182 503 1235 his
513 1183 582 1236 arti·
656 1181 860 1258 Quaeomnia
884 1180 968 1257 apud
985 1179 1148 1256 Gr.]Apud

56 1201 114 1308 bus
127 1250 260 1303 omnihus
275 1250 405 1307 eruditus
420 1250 477 1303 luit
493 1250 583 1304 Anto·
619 1251 749 1305 Graecos
766 1253 905 1304 musicam
923 1254 1147 1307 etsaltationcm

47 1319 145 1374 ninus
160 1318 365 1390 Philosophus,
384 1317 585 1387 etAlexander
619 1318 779 1371 inhonore
802 1329 830 1371 et
852 1321 951 1390 pretio
977 1322 1059 1375 fuitrc
1070 1355 1079 1387 ,
1099 1321 1148 1372 vel

58 1390 197 1445 Severus.
217 1386 405 1443 Bucbnerus.
439 1388 583 1440 Romano·
620 1402 654 1438 ex
672 1383 804 1442 Plutone
819 1387 987 1460 intelligere
1005 1391 1085 1454 licet,
1094 1386 1147 1460 qul

57 1454 346 1510 rummoribusolim
364 1466 481 1510 cantare
498 1455 585 1507 etiam
619 1454 717 1508 multis
742 1455 815 1509 locis
840 1472 904 1508 eum
935 1465 1147 1511 commemorat

59 1523 211 1596 ingenuis,
236 1522 306 1576 licet
319 1524 442 1597 privatis
457 1522 583 1576 homini·
619 1534 649 1577 et
664 1522 866 1594 commendat,
885 1525 1096 1597 Socratem'que
1114 1542 1145 1577 u·

57 1590 135 1656 bus,
155 1589 304 1663 indignum
324 1595 417 1648 visum
433 1592 488 1655 cll,
517 1591 585 1644 telle
619 1589 1146 1665 tuamquedidicisseatqueueurpalle

58 1657 224 1715 Macrobio
236 1656 394 1716 Saturnal.
407 1680 433 1724 ι,
451 1678 491 1714 ιο.
502 1658 585 1731 quid-
620 1659 734 1715 scrlbit.
754 1658 813 1713 Sed
828 1658 864 1712 dc
880 1668 1006 1725 musica,
1026 1662 1146 1727 constat,

58 1729 92 1781 ni
101 1728 311 1797 Principibus?
326 1733 370 1783 De
380 1729 519 1802 Principe
529 1727 583 1782 Ne·
619 1744 683 1781 eam
696 1726 842 1784 nobilium
861 1731 993 1784 virorum
1011 1730 1087 1784 tilios
1100 1746 1147 1782 ac·

57 1812 136 1851 rone
160 1795 277 1849 Tacitus
299 1797 403 1853 Annal.
427 1803 461 1866 4,
492 1799 533 1864 ι4,
559 1813 583 1853 ι.
620 1813 695 1869 que,
722 1807 755 1850 ut
773 1799 1006 1865 grammaticam,
1032 1796 1147 1878 ducere

58 1864 126 1921 Nec
143 1865 244 1918 minus
261 1864 389 1935 foedum
412 1865 500 1932 (illi)
527 1869 586 1918 stu·
621 1866 810 1920 cousueville.
837 1866 1016 1923 Aristoteles
1028 1865 1149 1938 quidem

22 1945 27 1951 ·
57 1931 162 1998 dium,
182 1933 303 1988 cithara
320 1932 471 1988 ludicrum
481 1934 513 1987 in
523 1950 585 1987 mo·
620 1931 707 1986 docet
729 1934 827 1986 multis
852 1935 952 1988 verbis
973 1936 1026 1990 lib.
1043 1940 1070 1994 8.
1096 1952 1147 2005 po·

56 1999 135 2057 dum
147 2018 265 2069 canere,
284 2003 589 2058 cumcoenaret.Non
621 1998 667 2056 lit.
691 2001 745 2067 (ca
767 2020 797 2074 p.
817 2018 842 2068 n,
859 2005 886 2066 5,
896 2005 922 2066 6,
932 2006 982 2071 7.)
1009 2010 1150 2058 musicam

56 2070 99 2123 ab
116 2070 250 2123 omnibus
267 2079 363 2123 tamen
387 2071 527 2124 Romanis
544 2070 585 2121 in·
621 2080 713 2123 artem
725 2020 766 2125 nil
769 2071 933 2126 liberorum
942 2071 1093 2125 hominum
1102 2072 1147 2124 vi-

55 2150 108 2193 ter
126 2138 224 2210 turpia
242 2138 374 2191 habitum
389 2137 494 2205 tuille,
512 2138 586 2193 Ma·
621 2147 668 2191 tae
684 2137 832 2211 degendae
851 2139 997 2192 rationem
1022 2151 1052 2196 et
1076 2158 1148 2194 con·

55 2204 181 2264 crebius
199 2205 279 2260 dicto
297 2204 362 2261 loco
374 2207 404 2259 in
420 2207 532 2279 aliquot
541 2224 587 2259 ex·
622 2209 804 2263 suetudinem
827 2208 883 2258 elle
908 2207 1033 2263 utilemz
1059 2210 1149 2262 immo
1241 2232 1244 2239 ¹

58 2275 166 2346 emplis
186 2273 316 2329 ostendit.
328 2276 503 2331 Loccenius.
528 2277 588 2329 Pro
622 2292 683 2329 non
701 2275 964 2331 eltc'.neccffariam
982 2294 1077 2350 neque
1093 2276 1149 2330 uti·

57 2358 82 2399 α
96 2342 242 2414 principis
258 2362 389 2415 persona
404 2344 480 2399 Voll.
495 2345 529 2396 B.
550 2340 588 2407 ob
622 2344 697 2408 lem,
718 2345 768 2400 scd
784 2343 939 2400 liberalem
956 2355 1043 2418 atque
1056 2347 1148 2398 hone·

55 2411 209 2486 principis
228 2429 367 2484 persona.
405 2407 521 2481 [Etiam
537 2411 588 2465 Ax.
623 2413 691 2465 llam
698 2434 707 2483 3
725 2412 891 2469 utilitatem
908 2417 938 2467 ct
946 2413 1094 2482 fructum,
1104 2413 1150 2464 in-

56 2479 101 2535 ab
119 2498 164 2550 pr.
187 2497 264 2551 pers.
291 2479 372 2554 quod
387 2478 589 2550 reponendum
623 2481 688 2554 quit
704 2482 765 2546 ille,
785 2482 1151 2554 ubique·conscctari‚'non

55 2545 180 2603 videtur
195 2549 362 2602 Goerenzio
387 2546 422 2599 ad
439 2548 534 2603 Cicer.
552 2546 588 2601 de
624 2553 762 2606 conuenit
787 2553 858 2607 uiris
881 2551 1096 2624 ntagnanimis
1122 2553 1152 2603 et

32 2617 129 2677 ein.
147 2619 174 2679 b,
195 2635 233 2668 ιι.
253 2634 319 2690 pag.
339 2613 424 2686 453.]
623 2616 811 2674 liberalibus.
845 2616 947 2689 ltaque
973 2618 1152 2688 accepimus,

93 2681 220 2739 Saltare
241 2702 308 2739 vero
333 2688 426 2742 etiam
450 2684 483 2738 in
508 2683 589 2739 uitiis
622 2688 779 2740 llerculem
795 2686 974 2741 ecnchillom
984 2688 1085 2740 musica
1095 2684 1151 2737 ess'c

39 2753 153 2828 'ponii
186 2751 273 2824 Apud
292 2755 407 2827 priscos
430 2754 589 2819 Romanos,
623 2760 856 2827 usos,'quorum
872 2753 1150 2827 magistert'uithi'·

56 2821 238 2896 praesertim
262 2822 344 2876 viros
374 2821 527 2894 principes
561 2830 590 2874 et
623 2840 691 2888 ron,
705 2834 913 2877 centaurorum
929 2841 959 2876 sa
983 2822 1150 2877 lentitllmue

57 2898 210 2961 magnates
218 2908 236 2958 ,·
252 2886 287 2941 de
310 2891 414 2962 quibus
431 2891 478 2943 liic
497 2890 589 2960 inpri-
625 2890 839 2958 aciultillimue,
859 2908 924 2944 cmu
941 2840 1008 2945 edet
1022 2892 1152 2947 musicae

58 2959 118 3011 mie
134 2974 230 3014 sermo
244 2957 296 3021 ec,
317 2959 387 3011 olim
403 2959 432 3011 in
447 2958 589 3027 vitiispo·
625 2960 728 3023 simul,
749 2971 778 3013 et
792 2959 971 3039 medicinae,
990 2959 1151 3026 ctiuttitiae

57 3026 198 3083 uebatur.
216 3025 358 3080 ductores
368 3027 590 3081 habemus-Ma·
625 3026 732 3082 doctor
760 3026 875 3100 indgnis
910 3038 940 3081 et
966 3028 1151 3099 praeclarus.

59 3093 198 3153 eroblum
214 3091 296 3154 dicto
307 3091 382 3158 loco,
402 3105 430 3147 ct
441 3095 590 3150 loannem
625 3095 763 3171 Quamvis
772 3106 869 3149 autem
884 3096 1006 3150 mulicoe
1020 3095 1152 3167 cognitio

62 3161 325 3221 Surlsberiensem
348 3161 386 3218 de
417 3165 509 3238 nugis
536 3162 590 3216 Ou·
625 3163 704 3237 apud
726 3165 856 3231 Graecos
880 3160 959 3217 laudi
983 3161 1151 3224 duceretur,

12 3290 21 3301 ,
59 3229 295 3295 rtaliun18‚1n.
324 3231 401 3284 idem
411 3229 588 3285 adserentes.
625 3242 657 3284 ut
676 3242 780 3285 contra
796 3228 1152 3305 ignoratioprobrovem

60 3302 241 3357 Nontemen
264 3299 375 3371 ubique
392 3309 420 3353 ct
436 3298 513 3371 apud
530 3317 590 3352 om·
625 3298 760 3367 telettum
788 3316 822 3354 ex
839 3314 904 3372 *quo
936 3298 1152 3363 Themistocles,

59 3386 115 3425 nes
129 3369 205 3421 vitio
222 3364 393 3421 ducebatur.
421 3368 499 3446 Quin
513 3370 590 3421 inter
626 3366 706 3439 quod
726 3366 817 3437 lyram
840 3369 871 3420 in
900 3367 1039 3420 conv'ivio
1068 3380 1152 3419 rectu

61 3438 238 3508 conspicuas
261 3447 290 3488 et
319 3436 430 3507 probae
451 3436 591 3507 personas
626 3444 727 3497 nasset,
745 3433 1110 3492 habituseltindoctiortn

60 3504 163 3589 aliqua
180 3505 243 3569 ejus
261 3520 331 3556 cura
354 3498 428 3564 tuit,
456 3501 506 3555 ced
531 3520 591 3556 non
627 3500 752 3576 (plot.)
767 3515 864 3557 tamen
881 3503 1016 3557 omnibus
1034 3518 1105 3572 orga
1139 3516 1153 3555 t

61 3586 203 3637 curiosa,
221 3586 313 3640 usque
331 3570 367 3623 ad
384 3571 457 3624 artis
474 3571 590 3641 perfec·
626 3571 658 3623 in
675 3570 777 3625 musica
797 3570 935 3625 discenda
953 3581 983 3624 et
1001 3567 1155 3622 tractanda

61 3643 189 3695 tionem:
222 3638 304 3694 Unde
319 3638 438 3691 illudest
448 3636 593 3695 Sallustii
626 3638 669 3692 uti
686 3638 915 3694 honestumerat.
932 3637 1032 3695 Verbi
1048 3637 1154 3710 gratim

63 3710 102 3764 de
115 3709 310 3779 Semproniae
330 3704 470 3762 Psallere
486 3714 514 3761 et
532 3706 591 3762 sul·
627 3707 769 3760 tibiarum
791 3726 860 3773 uiue
886 3705 1041 3759 illiberalis
1066 3705 1155 3761 babe-
1232 3702 1241 3721 “

63 3787 133 3835 ecre
148 3773 330 3848 elegantius,
354 3793 445 3848 quum
474 3794 593 3833 necesse
626 3776 730 3829 batur:
754 3786 783 3829 et
800 3777 887 3829 tibias
898 3775 1032 3840 rejicitet
1042 3773 1154 3846 impro-

63 3852 111 3904 est
124 3846 248 3918 probae.
284 3843 359 3900 Vide
377 3845 465 3896 ctiam
483 3843 592 3900 Horat.
627 3845 679 3899 bat
697 3841 876 3899 Aristoteles
902 3840 1008 3898 eodem
1031 3839 1112 3896 libro
1128 3858 1154 3895 c.

62 3917 90 3973 ὅ
107 3911 157 3969 od.
180 3918 206 3969 6.
231 3913 404 3967 Locceniuc.
440 3910 523 3966 Addo
547 3916 591 3968 cl.
628 3915 654 3968 6.
684 3913 787 3985 Itaque
808 3911 991 3985 accepimus,
1025 3909 1156 3965 Alcibia-

64 3983 201 4039 Gortium
217 3979 255 4033 ad
275 3980 345 4034 Sall.
363 3980 448 4035 Catil.
468 3999 532 4052 cup.
549 3985 592 4038 25.
629 3979 714 4044 dem,
741 3981 950 4055 cumprimum
972 3974 1156 4047 addisciplis

62 4067 144 4106 num.
160 4069 186 4104 a.
205 4053 264 4103 Pro
284 4049 377 4103 etiam
391 4049 471 4105 Voll.
482 4052 595 4105 B.uero
628 4064 728 4104 nasse
747 4049 882 4112 contulit,
903 4057 1017 4101 caetera
1035 4043 1156 4096 musicae

63 4121 170 4176 etiem.
205 4119 264 4177 [lta
275 4117 362 4169 etiam
371 4117 444 4173 Cod.
455 4120 594 4172 DamGu·
619 4111 737 4191 'genera
753 4115 902 4183 didicitle,
918 4125 1097 4185 ¹caeteraque
1108 4126 1156 4166 ori

63 4188 119 4243 An.
133 4185 194 4240 Ed.
220 4187 278 4243 Ult.
292 4184 393 4240 Βοιαὶ.
409 4203 475 4240 oum
493 4198 594 4244 recen·
630 4200 703 4261 gana
718 4179 1156 4261 recepiltectqueapprobettec

648 4294 744 4357 Ffs
