2594 4644
367 288 408 348 x.
451 273 613 354 o'rou.
657 286 863 385 cantu.
1094 287 1152 353 aar

75 409 1155 451 ..mm—m...-

67 507 194 596 soiebat
221 506 377 570 adversus
407 528 443 568 se
472 509 634 581 sensisse,
655 489 811 568 militibus
833 503 1030 589 dispertivit.
1064 498 1194 598 -Quisso

67 612 131 675 bus
152 612 305 687 divisis,
350 635 448 698 quum
484 604 662 698 quotidiani
697 611 826 674 maximi
860 607 976 674 fierent
1012 625 1152 684 sumtus,

68 700 223 784 celeriter
258 721 401 804 pecunia
433 719 550 782 deesse
586 720 712 802 eoepit,
763 739 891 802 neque,
942 738 1006 800 quo
1042 701 1153 779 manus

68 825 271 910 porrigeret,
316 827 527 910 suppetebat,
566 825 632 887 nisi
661 827 694 885 in
717 826 892 886 amicorum
912 824 1155 913 possessiones,

66 930 106 998 ld
133 931 318 1014 hujusmodi
354 922 448 1026 crat,
499 943 559 1005 ut,
610 952 706 1018 quum
741 921 861 992 milites
889 914 1165 1013 reconciliasset,¹⁷

66 1037 231 1102 amitteret
266 1039 448 1123 optimates.
498 1035 641 1132 Quarum
676 1030 786 1098 rerum
802 1094 805 1103 ,
821 1054 897 1098 cura
930 1036 1150 1119 frangebatur,
1174 1047 1193 1111 3
1219 1108 1221 1113 ,

66 1159 119 1218 et,
162 1145 309 1208 insuetus
337 1146 419 1225 male
455 1136 626 1215 audiendi,
668 1163 733 1203 nou
762 1162 864 1226 aequo
886 1143 991 1207 animo
1013 1143 1151 1215 ferebat,
1200 1132 1203 1138 ¹

66 1248 109 1313 de
139 1271 175 1313 se
211 1251 250 1319 ab
267 1249 270 1255 ’
285 1253 327 1315 iis
347 1251 442 1313 ¹male
473 1248 669 1323 existimari,
714 1238 851 1333 duorum
878 1249 989 1332 paullo
1016 1264 1089 1323 ante
1118 1251 1154 1312 in

65 1465 171 1509 contra
188 1455 312 1516 scribit,
333 1454 464 1526 captivos
480 1470 591 1518 omnes,
627 1463 700 1520 tunt,
712 1451 736 1508 si
749 1452 909 1511 Gebhardo
917 1448 1072 1519 credimus.
1080 1457 1153 1511 Nam

12 1578 16 1603 Ι
87 1525 118 1591 ui
134 1523 217 1577 multi
234 1524 361 1587 fuerint,
379 1519 460 1575 nullo
479 1521 590 1576 redorn-
626 1523 697 1577 mibi
764 1523 840 1593 idem
866 1521 1051 1593 Lambinus,
1087 1542 1152 1579 cum

13 1612 16 1617 ·
65 1591 157 1648 tronis
183 1592 283 1666 pretio
302 1600 424 1664 accepto
455 1589 591 1646 dimill'os.
627 1591 708 1648 hanc
741 1594 888 1648 actionem
907 1594 1038 1649 retinere
1051 1591 1151 1650 seilli·

65 1661 185 1718 Rosius.
627 1678 681 1732 que
694 1672 875 1734 anteponere
890 1663 947 1726 ait,
967 1679 1046 1728 cam,
1065 1678 1153 1736 quam

10 1764 13 1771 ·
104 1728 203 1804 Quum
215 1725 388 1801 quotidiani
396 1726 590 1792 maximifie-
625 1730 902 1795 intertuexhibuit,
925 1728 1151 1784 indicarcvide·

12 1822 16 1829 ·
64 1806 135 1856 rent
147 1802 282 1858 sumtus]
308 1798 343 1861 ln
360 1797 467 1863 milites
486 1813 590 1869 nerupe
621 1803 684 1862 tur,
701 1818 773 1863 nou,
790 1816 877 1872 quam
884 1796 1035 1854 nonnullo
1051 1817 1151 1855 exem·

11 1912 15 1943 s
65 1867 212 1922 etamicoa
218 1886 227 1934 3
249 1860 494 1938 quosliberalius,
505 1880 590 1937 quam
646 1865 677 1920 la
691 1865 802 1924 habere
812 1859 892 1923 dicit.
899 1868 1019 1924 Rosius.
1035 1870 1167 1925 Manus·

62 1935 216 1992 facultates
230 1937 291 2002 ejus
307 1932 387 1987 ferre
403 1935 524 2006 pollent,
538 1932 590 1985 do·
624 1885 706 1990 leid.
724 1946 752 1989 ct
765 1935 844 1999 Voll.
860 1937 895 1991 A.
914 1939 947 1989 B.

62 2005 165 2058 nabat.
198 2005 262 2075 Ipso
290 2001 366 2057 onim
403 2001 532 2071 tenuiter
562 2010 591 2053 et
660 2004 834 2060 Amicorum
850 2003 1064 2078 possessiones]
1083 2006 1151 2060 Nou

62 2072 181 2144 vulgari
198 2067 286 2124 modo
301 2068 436 2124 vivebat:
455 2079 513 2123 tam
526 2084 590 2122 mo·
624 2073 760 2138 memini,
795 2089 840 2125 ma
862 2073 916 2127 boc
940 2072 978 2126 de
997 2073 1152 2128 Dionele·

63 2139 237 2194 deratumsc
251 2136 371 2201 vellitu,
392 2149 420 2191 et
434 2137 592 2204 famulitio,
626 2156 695 2210 gere
711 2138 789 2214 apud
806 2142 990 2207 Plutarchum
1010 2153 1058 2195 aut
1078 2141 1149 2196 Dio.

63 2219 103 2277 et
116 2224 215 2261 mensa
238 2205 399 2279 praebens,
436 2218 468 2260 ut
485 2207 509 2260 si
526 2223 591 2259 cum
626 2211 747 2274 dorum,
766 2219 815 2263 aut
829 2210 949 2272 omniuo
964 2208 1041 2294 apud
1051 2228 1150 2283 quem.

61 2277 77 2342 (
110 2278 211 2343 .316.)
234 2271 356 2332 Platone
381 2275 411 2327 in
434 2271 591 2328 Academia
647 2297 728 2333 uam:
748 2277 904 2342 eum,'suis
918 2277 1005 2333 bouis
1021 2280 1149 2332 contum-

60 2354 190 2405 vrverat.
225 2339 295 2401 Vid.
314 2341 502 2400 Plutarchus
523 2360 592 2424 pag.
625 2360 680 2410 trs,
715 2344 819 2408 alionis
842 2364 943 2403 manus
967 2347 1073 2402 afferre
1099 2365 1150 2402 nes

59 2417 127 2484 980.
145 2420 174 2479 et
190 2428 267 2486 seqq.
283 2409 392 2465 Bofius·
464 2421 468 2429 “
626 2412 928 2479 colatabuturum
950 2415 1151 2488 etiam‚quod

101 2481 203 2554 Neque
216 2498 272 2554 qao
286 2497 396 2560 uranus
408 2481 590 2563 porrigeret]
626 2483 744 2561 gravius
760 2481 815 2547 est,
840 2484 949 2540 amicos
971 2503 1038 2539 suos
1061 2485 1149 2558 spoli-

60 2554 110 2608 lta
128 2549 267 2605 meliores
288 2547 377 2616 libr13
408 2568 438 2603 m
455 2548 499 2604 bis
515 2552 591 2603 Dan.
626 2555 692 2608 alre.
718 2550 897 2608 Lambinus.
936 2555 992 2608 Ma.
1020 2555 1095 2613 Dan.
1122 2565 1151 2608 at

62 2638 100 2675 ac
117 2617 199 2672 Laid.
220 2617 459 2680 eteBavaricis,
479 2628 511 2671 ut
530 2617 591 2689 opi·
625 2618 802 2685 Lambinus,
835 2622 868 2675 in
892 2621 1060 2677 anticorum
1084 2632 1171 2694 pos-'

58 2706 141 2754 ΜΡ)
169 2684 328 2742 Pictanus
340 2683 473 2742 Ρθῒῐθῐῑῑ·
490 2686 591 2740 Ca't'it'c·
625 2689 1084 2747 sessionesttonmatc.Rosius.
1101 2690 1151 2746 sic

61 2774 132 2829 cap.
151 2774 192 2810 so.
222 2758 282 2810 Nec
307 2753 395 2808 aliter
412 2754 591 2818 Lambinus,
626 2759 655 2811 in
673 2756 1027 2813 Leidmeoctvoffih.
1045 2755 1096 2811 sed
1113 2761 1148 2812 B.

62 2823 204 2893 Sauara,
237 2823 348 2895 aliique
365 2823 428 2894 post
449 2824 515 2878 illos
531 2821 590 2874 odi·
624 2826 723 2894 rcjicit
738 2827 789 2890 in,
814 2823 894 2896 quod
912 2823 975 2879 sinc
991 2822 1083 2879 dubio
1104 2843 1150 2880 rc·

62 2893 182 2948 derunt.
204 2891 413 2946 Boeclerianus
427 2908 547 2965 quoque
563 2899 591 2943 at
625 2890 786 2947 sinendum.
802 2895 860 2948 Pro
877 2893 1151 2966 SuppetebatVoff.
1180 2922 1188 2932 -

60 2983 94 3037 q.
116 2961 203 3034 editi:
223 2978 279 3033 auo
298 2961 398 3014 minus
408 2961 590 3034 porrigeret:
624 2965 659 3017 Β.
676 2960 865 3036 supputabat.
889 2973 919 3016 et
938 2981 994 3035 pro
1013 2965 1150 3036 possessi·

60 3040 205 3103 corrupta
226 3045 449 3096 rosemanus,
474 3029 589 3151 ipsora·
626 3051 714 3097 ones,
731 3032 922 3101 possetisnes.
960 3033 1029 3087 Mor
1066 3050 1100 3085 ro
1119 3040 1150 3087 e·

58 3099 146 3154 tione
175 3097 399 3170 elegantissimae
421 3098 591 3156 locuionis.
619 3097 775 3174 jusmodi,
794 3095 979 3171 hujusmodi.
1019 3049 1150 3162 [lune.

61 3168 162 3240 Atque
179 3165 221 3222 sic
241 3174 273 3247 et
293 3165 463 3235 Cartima,
488 3167 523 3227 8,
548 3184 587 3232 aa.
625 3184 680 3254 que
697 3186 753 3243 quo
771 3170 872 3227 minus
889 3187 971 3242 porr.
990 3189 1073 3245 supp.
1092 3166 1154 3225 nisi

60 3235 144 3296 bunc
161 3233 253 3288 nostru
262 3233 379 3298 locum,
395 3244 438 3288 'ut
457 3232 588 3290 Gebhar·
624 3258 657 3294 an
676 3239 766 3299 antio.
809 3238 889 3291 .Gu.
904 3248 937 3290 ut
954 3237 984 3300 in
1001 3249 1080 3292 tcxtu
1100 3255 1150 3290 ex-

61 3302 327 3366 duseristimabat,
345 3303 491 3356 imitatust
520 3301 590 3358 lam
624 3306 750 3380 prelium
765 3254 812 3362 cd.
838 3307 881 3361 Ita
905 3306 992 3359 ctiam
1015 3307 1072 3362 Ult.
1092 3304 1150 3360 nisi

26 3421 29 3425 .
60 3374 159 3429 etiam
175 3369 217 3425 ad
237 3389 346 3442 pecora
362 3379 467 3426 nostra
482 3388 592 3426 avaras
625 3371 706 3448 quod
744 3392 779 3429 ro
795 3373 971 3448 suppetebat
986 3375 1153 3446 habetsup·

62 3449 96 3498 et
126 3428 287 3512 instabiles
310 3458 421 3521 manus
446 3439 588 3511 porrigis.
622 3391 793 3519 peditabat.
804 3444 865 3498 Pro
875 3440 1061 3518 hujusmodi,
1071 3438 1152 3516 quod
1180 3495 1192 3516 Ι

60 3511 101 3564 Et
117 3522 184 3563 mox
201 3527 230 3562 v·
243 3509 285 3564 25·
303 3507 352 3570 ted
376 3510 435 3562 ³1¹⁰
451 3504 590 3571 sessssssde
623 3511 737 3639 primus
763 3513 923 3566 Boeclerus
948 3508 1057 3575 edidit,
1092 3512 1149 3566 Ga.

61 3580 212 3632 Fortuna:
232 3594 322 3650 quum
330 3589 441 3633 manias
450 3576 590 3647 porrigit,
650 3581 681 3635 lt.
701 3590 730 3633 ct
747 3580 855 3653 reliqui
868 3579 938 3633 editi
954 3577 1131 3652 ejusmodi]

60 3664 180 3722 pennas
202 3664 239 3719 au
279 3665 316 3702 ue
337 3646 592 3719 comprehendere
649 3649 822 3705 ·Amitteret
838 3650 1016 3721 optimates]
1037 3646 1151 3728 Quibus

60 3734 127 3772 non
140 3718 225 3773 sinit.
287 3713 397 3772 endere
408 3731 589 3772 manttmeo·
625 3717 889 3790 comprobantibus
904 3715 1076 3791 aliquando,
1092 3716 1150 3772 trs·

61 3783 130 3840 dom
153 3785 237 3839 sensu
260 3785 333 3838 dixit
360 3783 477 3840 Seneca
504 3786 590 3858 epist.
624 3786 770 3841 mentibus
799 3785 896 3840 nautis
925 3796 956 3839 ct
982 3784 1151 3858 opificibus,

64 3872 125 3923 ¹¹9·
162 3853 268 3927 Fames
289 3871 338 3910 me
361 3851 513 3928 appellat3
549 3852 591 3909 ad
623 3861 703 3911 terra
719 3854 852 3929 marique
869 3854 1150 3927 imperatorffconlli-

59 3922 208 3996 proxima
226 3938 359 4007 paaeque
373 3921 509 3977 tendatur
525 3940 589 3981 mas
624 3933 703 3978 tutus
721 3932 793 3976 crat.
830 3919 1017 3979 Plutarchus
1035 3942 1066 3996 p.
1087 3940 1148 3992 979.

62 4008 129 4046 nus.
167 3990 258 4045 Nihili
277 3989 370 4064 igitur
381 3990 436 4057 cll,
464 3989 543 4075 quod
559 3990 590 4044 iu
624 3991 742 4047 Rosius.
898 4039 903 4052 ,
1129 4020 1133 4031 ·
1212 4002 1224 4014 ’

60 4054 200 4131 Lougolii
219 4058 344 4135 aliisque
360 4058 540 4123 editionibus
548 4060 590 4113 le:
660 4060 708 4116 De
722 4078 753 4115 se
770 4056 854 4116 male
866 4060 1055 4121 existimari]
1075 4059 1150 4129 Exiq
1181 4115 1185 4125 Ι

61 4128 162 4202 gitur,
180 4126 512 4203 nequeampliusquod
524 4147 592 4202 por·
624 4126 857 4205 stimarepaffim
886 4128 1151 4198 rojudtcaracen.
1215 4133 1218 4140 '

59 4199 198 4271 rigeret.-
217 4196 591 4271 etiamLambinoproba'·
626 4210 710 4269 sere,
729 4194 824 4273 loqui.
877 4195 1152 4256 intestinumue
1224 4202 1228 4208 '
1290 4236 1292 4246 ·

373 4285 378 4319 Ι
540 4288 545 4296 s
983 4280 988 4291 .
