2594 4644
171 298 232 366 470
395 278 701 370 CORNELII
743 274 1024 340 NEPOTI&

172 486 368 552 concludere
396 484 639 557 constituimus,
683 504 820 568 quorum
849 485 1027 567 separatim
1056 487 1177 549 multis
1196 489 1257 549 mil·

172 596 259 657 libus
302 612 455 656 versuum
498 589 681 675 complures
732 588 910 674 scriptores
946 603 1025 654 ante
1063 612 1133 655 nos
1169 595 1260 685 expli.

172 714 295 764 cerunt.

171 906 265 980 pretia
286 904 340 971 eli,
372 908 535 965 statuimus
552 922 609 1029 pro
628 926 695 963 eon·
730 906 858 963 alienum
871 903 1100 971 inculcaretur,
1116 922 1178 962 aas
1198 886 1260 981 ¹po-

171 974 327 1030 stiluimus
340 971 429 1029 dedit.
450 974 508 1032 set
522 974 550 1028 vi
574 993 589 1028 e
607 993 696 1048 supra
728 985 870 1042 noratur,
885 974 933 1027 vel
945 992 984 1031 ue
1004 974 1085 1046 quid
1099 974 1187 1029 detra
1207 990 1258 1030 ert·

170 1041 255 1105 udo,
273 1043 341 1108 1,·5.
374 1044 554 1120 Quamquam
571 1043 619 1096 illa
637 1061 696 1119 yox
729 1052 788 1097 tur.
827 1046 866 1100 V.
887 1040 951 1098 Iud.
979 1054 1103 1099 versus.
1122 1042 1261 1099 '‘Getertm

170 1110 210 1164 ob
233 1106 451 1165 similitudinem
485 1112 694 1184 proximarum.
729 1111 806 1165 huno
820 1113 917 1165 locum
934 1110 1074 1175 imitatus
1092 1112 1260 1167 videtures-

170 1179 208 1234 ah
234 1177 333 1235 eadem
354 1178 463 1249 syllaba
479 1180 695 1254 incipientium,
730 1190 795 1233 ctor
811 1181 954 1252 epitomes
978 1178 1162 1239 ecdiceseos
1182 1180 1260 1257 Hygi·

171 1247 259 1302 etiam
283 1245 383 1300 invitis
397 1244 530 1304 librariis
546 1248 622 1302 elabi
664 1266 681 1301 o
730 1249 764 1304 ni
782 1256 889 1319 eontra
911 1248 1167 1305 haeresiarchas
1175 1285 1186 1317 ,
1207 1259 1261 1308 anit

170 1318 237 1370 tuit.
269 1316 329 1367 Hae
347 1325 426 1373 certe
444 1314 480 1372 de
497 1317 629 1370 eauffain
638 1267 692 1373 id.
729 1318 782 1370 hos
796 1324 888 1372 annos
906 1336 991 1372 mv.
1013 1317 1160 1390 primum
1174 1334 1192 1371 a
1207 1316 1260 1375 Sit·

170 1385 266 1459 prius.
291 1384 359 1435 Par.
380 1402 400 1437 r.
429 1395 458 1438 et
481 1384 544 1441 Ald.
570 1388 694 1440 verbum
729 1382 843 1440 uuanda
871 1383 989 1450 editae,
1026 1388 1062 1440 in
1095 1387 1259 1460 prooemiot

166 1451 381 1509 constituimus
398 1453 528 1507 omilium
546 1454 593 1507 eit.
622 1456 694 1508 Tum
731 1450 842 1511 Sancti
867 1455 975 1527 quique
998 1454 1185 1511 orthodoxi
1205 1454 1259 1521 riti.

171 1518 228 1574 Gu.
247 1519 298 1574 Ax.
317 1520 374 1575 Ult.
392 1522 607 1595 complurimis
627 1521 693 1576 edd.
730 1533 784 1577 sua
798 1524 916 1596 quisque
925 1531 1070 1595 tempore
1079 1522 1260 1599 uniuscuju-

171 1604 305 1661 quorum.
355 1587 408 1643 Ed.
437 1590 529 1664 hang.
560 1601 589 1644 et
615 1592 693 1665 Mag.
730 1610 785 1665 que
810 1592 944 1647 haeresis
968 1601 1103 1661 ortum,
1131 1600 1164 1651 et
1179 1600 1257 1651 certa·

170 1655 271 1728 qaas?
306 1690 309 1695 -
729 1679 816 1724 meu,
837 1668 866 1715 et
880 1663 1017 1729 exitum,
1048 1678 1109 1732 per
1123 1662 1258 1738 plurimas

205 1677 318 1782 Multis
335 1723 445 1781 millib.
458 1722 617 1797 uersuum]
645 1725 694 1782 Sia
728 1726 833 1795 libras,
854 1735 885 1784 et
898 1727 997 1785 psalta
1008 1731 1125 1788 millia
1135 1741 1255 1787 aerem

169 1792 429 1848 solebantvet‘eres
445 1811 479 1848 ex
494 1812 631 1849 versuum
642 1815 692 1849 nu·
729 1797 981 1871 conscripserunt.
1014 1798 1112 1873 Quae
1141 1818 1197 1857 nos
1243 1798 1248 1813 '

168 1877 252 1914 mero
274 1859 346 1916 libri
364 1860 590 1935 magnitudinem
599 1864 692 1940 signi·
728 1872 891 1929 tomantes,
902 1816 1253 1939 juoanteDominaz

168 1927 430 1985 ficareaonotare:
451 1930 694 2009 fortall'enequid
727 1932 1141 2006 anolibelloeonclusimus.
1155 1939 1252 1995 Bosiu·

89 2206 94 2223 Ι
168 2184 1248 2221 m

957 2348 1157 2413 .‘,

408 2406 411 2411 ’
481 2456 545 2529 χ
624 2421 731 2486 ose.
761 2423 803 2492 v.

131 2628 146 2668 ι
248 2599 325 2663 Fuit
361 2599 457 2662 etiam
493 2601 659 2677 disertus,
702 2608 753 2667 'ut
787 2590 882 2667 nemo
917 2603 959 2664 ei·
985 2604 1175 2674 Thebanus
1208 2606 1255 2689 ptt'

168 2720 258 2771 esset
286 2706 495 2792 eloquentia,
544 2730 652 2796 neque
687 2710 794 2773 miuus
824 2711 1003 2777 concinnus
1033 2711 1073 2772 in
1104 2712 1256 2776 brevitate

204 2939 270 2995 tta
285 2941 378 2995 etiam
393 2938 541 3002 disertus,
560 2947 691 2997 utnemo
726 2943 862 2996 ctoritate
877 2939 988 2995 codicis
1005 2940 1113 3008 liuius,
1135 2941 1256 2998 etAret.

164 3009 198 3079 ei
221 3008 313 3064 Theb.
332 3029 360 3080 p.
381 3029 404 3065 e.
426 3007 483 3071 el]
518 3006 597 3062 Idem
617 3008 690 3064 Plu·
726 3006 794 3063 dum
809 3011 917 3064 caeteri
939 3008 1052 3063 habent
1071 3020 1114 3069 et.
1133 3020 1257 3085 praeter·

166 3078 292 3135 torellus
314 3079 348 3139 in
371 3078 541 3150 praeceptis
566 3076 690 3137 Politia.
726 3092 759 3130 ea
782 3079 855 3153 legit
877 3098 965 3135 nemo
984 3080 1015 3135 ei
1041 3078 1257 3137 Thebanum:

163 3147 296 3202 testatur:
338 3146 427 3221 (tuot
452 3147 479 3202 si
496 3143 580 3214 forte
606 3165 689 3202 caus·
724 3146 790 3201 nius
807 3144 916 3201 codicis
932 3151 1008 3202 Dan.
1019 3151 1216 3203 auctoritate.
1225 3148 1257 3203 sit

162 3235 229 3275 sam
255 3213 405 3277 dicturus,
439 3212 485 3270 uel
502 3214 689 3288 legationem
724 3215 782 3269 hoo
795 3217 972 3288 elegantius,
998 3214 1054 3269 sed
1073 3216 1256 3293 quaeiiiael,

164 3285 318 3349 obiturus,
338 3291 370 3338 ta
384 3293 413 3341 te
427 3284 524 3356 ipsam
538 3282 578 3339 orl
590 3280 689 3346 <licea-
725 3300 793 3336 num
802 3283 1002 3358 {inscripserit
1012 3286 1136 3359 Nepos.
1147 3286 1256 3343 OEtiou

163 3354 237 3410 dum
252 3351 527 3427 intelligasparum
536 3352 691 3419 idoneum,
726 3348 926 3409 disertusGu.
944 3352 998 3407 Ax.
1017 3354 1085 3410 U'lt.
1099 3352 1255 3428 'idquepoi

163 3425 260 3480 uirum
278 3421 401 3479 ‹ticenat
422 3423 551 3495 peritam
569 3417 689 3493 adjuta-
724 3421 929 3495 Heusingerum
938 3422 1254 3498 Harlesiumquereee·

163 3511 229 3549 rem
245 3491 303 3547 titi
319 3488 690 3562 sociamquemuaen'sad·
724 3490 839 3562 pimus,
858 3506 1034 3565 quamquam
1056 3498 1092 3547 et
1107 3490 1185 3549 ferri
1197 3508 1251 3561 pas

164 3563 295 3626 scissas,
319 3568 353 3615 at
377 3559 542 3631 Pelopidas
566 3558 689 3637 Epami·
727 3559 775 3615 sit.
810 3558 847 3613 V.
868 3556 1036 3641 supremis
1052 3591 1062 3621 ,
1081 3560 1118 3621 3.
1137 3566 1167 3630 4.
1191 3564 1252 3615 Tun

164 3627 312 3685 nondam.
329 3631 502 3685 Loesenius.
535 3631 690 3685 Caeterum
727 3626 783 3680 Gu.
800 3626 859 3683 Ult.
877 3643 967 3684 nemo
982 3645 1011 3681 et
1029 3624 1212 3690 Thebanus,
1225 3634 1252 3679 rt

163 3699 221 3752 Ms.
241 3696 689 3766 [A1.]B0eel.haltet,utne·
725 3695 916 3771 Heulingerus
935 3692 1040 3747 edidit.
1075 3697 1183 3754 Recte.
1203 3696 1249 3749 lie·

163 3784 264 3822 moer
282 3764 437 3841 Thelgoais
473 3786 550 3824 .ess.
564 3766 602 3826 el.
619 3769 689 3825 Ere.
725 3761 800 3837 liqui
817 3761 882 3819 edd.
897 3762 1085 3819 anteLamh.
1119 3766 1249 3821 ronomei

163 3838 239 3890 Dan.
256 3842 329 3890 uta.
347 3836 376 3891 ei
389 3784 561 3893 Thalamus.
573 3837 690 3891 Bosius.
726 3832 756 3889 ei
770 3831 936 3911 excludunt,
946 3829 1060 3913 puori,
1112 3834 1249 3906 eufingero

135 3926 138 3937 ·
162 3901 246 3958 Leid.
264 3919 303 3957 m.
320 3922 472 3961 panemo.
491 3904 636 3962 sedVoll.
653 3904 689 3957 A.
723 3911 882 3964 monente,
905 3914 973 3972 quta
1000 3917 1033 3952 m
1060 3912 1247 3961 esmutatu!

162 3974 198 4028 B.
218 3977 251 4026 ut
263 3990 360 4026 nemo.
381 3972 509 4045 Profuit
520 3981 548 4030 et
561 3972 693 4030 disertas
725 3967 803 4032 fult,
822 3966 919 4022 locum
943 3984 1027 4021 suum
1054 3972 1167 4026 amisit.
1190 3968 1246 4027 Vul-

163 4041 215 4114 (p.
227 4041 310 4108 420.)
329 4043 451 4097 vona.
463 4040 529 4112 fait
542 4044 635 4105 etiam
645 4039 691 4101 di.
724 4047 791 4165 pata
813 4035 904 4117 leetio
935 4053 1026 4092 nemo
1057 4037 1158 4098 Ttet.
1185 4040 1244 4097 eit

165 4116 281 4174 sertus,
300 4107 346 4160 eui
358 4120 386 4163 et
402 4109 437 4162 eci
453 4113 482 4166 ei
497 4112 589 4167 abest..
604 4108 691 4186 Quod
750 4104 868 4186 ambmp
882 4104 954 4167 eit]

163 4177 364 4253 Heusingerus
375 4178 519 4254 praefert,
540 4180 634 4237 fretus
642 4192 691 4235 tu·
762 4174 952 4238 Constantes]
980 4171 1075 4243 Culus
1088 4177 1196 4236 buris
1208 4188 1242 4233 rt·
