<?xml version="1.0" encoding="UTF-8"?>
<!DOCTYPE html PUBLIC "-//W3C//DTD XHTML 1.0 Transitional//EN"
    "http://www.w3.org/TR/xhtml1/DTD/xhtml1-transitional.dtd">
<html xmlns="http://www.w3.org/1999/xhtml" xml:lang="en" lang="en">
 <head>
  <title>
</title>
<meta http-equiv="Content-Type" content="text/html;charset=utf-8" />
  <meta name='ocr-system' content='tesseract 3.04.00' />
  <meta name='ocr-capabilities' content='ocr_page ocr_carea ocr_par ocr_line ocrx_word'/>
</head>
<body>
  <div class='ocr_page' id='page_1' title='image "./quaeexstant00stavgoog_0660.png"; bbox 0 0 2594 4644; ppageno 0'>
   <div class='ocr_carea' id='block_1_1' title="bbox 188 259 1185 341">
    <p class='ocr_par' dir='ltr' id='par_1_1' title="bbox 188 259 1185 341">
     <span class='ocr_line' id='line_1_1' title="bbox 188 259 1185 341; baseline 0.004 -10"><span class='ocrx_word' id='word_1_1' title='bbox 188 259 191 264; x_wconf 59' lang='grc'><strong>’</strong></span> <span class='ocrx_word' id='word_1_2' title='bbox 280 269 1032 341; x_wconf 71' lang='lat' dir='ltr'><strong>xvtl.ssss81LaUs.0n.111.</strong></span> <span class='ocrx_word' id='word_1_3' title='bbox 1121 270 1185 335; x_wconf 78' lang='lat'><strong>535</strong></span> 
     </span>
    </p>
   </div>
   <div class='ocr_carea' id='block_1_2' title="bbox 51 466 1226 1101">
    <p class='ocr_par' dir='ltr' id='par_1_2' title="bbox 51 466 1226 1101">
     <span class='ocr_line' id='line_1_2' title="bbox 91 466 1184 556; baseline -0.001 -20"><span class='ocrx_word' id='word_1_4' title='bbox 91 473 159 536; x_wconf 88' lang='lat' dir='ltr'><strong>His</strong></span> <span class='ocrx_word' id='word_1_5' title='bbox 188 466 289 556; x_wconf 40' lang='lat' dir='ltr'><strong>ihr</strong></span> <span class='ocrx_word' id='word_1_6' title='bbox 319 472 418 536; x_wconf 85' lang='lat' dir='ltr'><strong>rebus</strong></span> <span class='ocrx_word' id='word_1_7' title='bbox 447 472 584 546; x_wconf 79' lang='lat' dir='ltr'><strong>eflecit,</strong></span> <span class='ocrx_word' id='word_1_8' title='bbox 634 487 669 535; x_wconf 84' lang='lat' dir='ltr'><strong>ut</strong></span> <span class='ocrx_word' id='word_1_9' title='bbox 697 489 731 537; x_wconf 89' lang='lat' dir='ltr'><strong>et</strong></span> <span class='ocrx_word' id='word_1_10' title='bbox 759 477 1000 539; x_wconf 84' lang='lat' dir='ltr'><strong>ornatissimum</strong></span> <span class='ocrx_word' id='word_1_11' title='bbox 1028 487 1061 537; x_wconf 90' lang='lat' dir='ltr'><strong>et</strong></span> <span class='ocrx_word' id='word_1_12' title='bbox 1089 493 1184 535; x_wconf 83' lang='lat' dir='ltr'><strong>exer-</strong></span> 
     </span>
     <span class='ocr_line' id='line_1_3' title="bbox 51 574 1226 668; baseline -0.002 -24"><span class='ocrx_word' id='word_1_13' title='bbox 51 574 53 579; x_wconf 65' lang='grc'><strong>’</strong></span> <span class='ocrx_word' id='word_1_14' title='bbox 93 581 322 644; x_wconf 82' lang='lat' dir='ltr'><strong>citatissimum</strong></span> <span class='ocrx_word' id='word_1_15' title='bbox 348 580 484 643; x_wconf 85' lang='lat' dir='ltr'><strong>haberet</strong></span> <span class='ocrx_word' id='word_1_16' title='bbox 505 580 692 644; x_wconf 86' lang='lat' dir='ltr'><strong>exercitum.</strong></span> <span class='ocrx_word' id='word_1_17' title='bbox 755 582 841 645; x_wconf 87' lang='lat' dir='ltr'><strong>Huic</strong></span> <span class='ocrx_word' id='word_1_18' title='bbox 862 604 960 668; x_wconf 85' lang='lat' dir='ltr'><strong>quum</strong></span> <span class='ocrx_word' id='word_1_19' title='bbox 980 596 1109 665; x_wconf 87' lang='lat' dir='ltr'><strong>tempus</strong></span> <span class='ocrx_word' id='word_1_20' title='bbox 1131 584 1226 659; x_wconf 81' lang='lat' dir='ltr'><strong>es·4</strong></span> 
     </span>
     <span class='ocr_line' id='line_1_4' title="bbox 94 685 1184 770; baseline -0.002 -22"><span class='ocrx_word' id='word_1_21' title='bbox 94 701 149 749; x_wconf 81' lang='lat' dir='ltr'><strong>set</strong></span> <span class='ocrx_word' id='word_1_22' title='bbox 176 688 301 762; x_wconf 79' lang='lat' dir='ltr'><strong>risam,</strong></span> <span class='ocrx_word' id='word_1_23' title='bbox 344 686 454 770; x_wconf 86' lang='lat' dir='ltr'><strong>copias</strong></span> <span class='ocrx_word' id='word_1_24' title='bbox 476 686 645 751; x_wconf 79' lang='lat' dir='ltr'><strong>extrahere</strong></span> <span class='ocrx_word' id='word_1_25' title='bbox 665 708 706 752; x_wconf 87' lang='lat' dir='ltr'><strong>ex</strong></span> <span class='ocrx_word' id='word_1_26' title='bbox 725 687 962 764; x_wconf 75' lang='lat' dir='ltr'><strong>hibernaculis,</strong></span> <span class='ocrx_word' id='word_1_27' title='bbox 1004 688 1107 761; x_wconf 81' lang='lat' dir='ltr'><strong>vidit,</strong></span> <span class='ocrx_word' id='word_1_28' title='bbox 1143 685 1184 760; x_wconf 88' lang='lat' dir='ltr'><strong>si,</strong></span> 
     </span>
     <span class='ocr_line' id='line_1_5' title="bbox 95 792 1187 880; baseline 0.003 -24"><span class='ocrx_word' id='word_1_29' title='bbox 95 815 163 879; x_wconf 90' lang='lat' dir='ltr'><strong>quo</strong></span> <span class='ocrx_word' id='word_1_30' title='bbox 184 808 273 858; x_wconf 87' lang='lat' dir='ltr'><strong>esset</strong></span> <span class='ocrx_word' id='word_1_31' title='bbox 292 796 357 857; x_wconf 84' lang='lat' dir='ltr'><strong>iter</strong></span> <span class='ocrx_word' id='word_1_32' title='bbox 377 792 541 867; x_wconf 83' lang='lat' dir='ltr'><strong>facturus,</strong></span> <span class='ocrx_word' id='word_1_33' title='bbox 570 795 675 879; x_wconf 82' lang='lat' dir='ltr'><strong>palam</strong></span> <span class='ocrx_word' id='word_1_34' title='bbox 694 796 960 880; x_wconf 78' lang='lat' dir='ltr'><strong>pronuntiasset,</strong></span> <span class='ocrx_word' id='word_1_35' title='bbox 982 794 1096 859; x_wconf 87' lang='lat' dir='ltr'><strong>hostes</strong></span> <span class='ocrx_word' id='word_1_36' title='bbox 1118 813 1187 859; x_wconf 81' lang='lat' dir='ltr'><strong>nou</strong></span> 
     </span>
     <span class='ocr_line' id='line_1_6' title="bbox 95 901 1182 988; baseline -0.003 -23"><span class='ocrx_word' id='word_1_37' title='bbox 95 901 301 976; x_wconf 83' lang='lat' dir='ltr'><strong>credituros,</strong></span> <span class='ocrx_word' id='word_1_38' title='bbox 364 901 506 985; x_wconf 81' lang='lat' dir='ltr'><strong>aliasque</strong></span> <span class='ocrx_word' id='word_1_39' title='bbox 541 902 696 984; x_wconf 78' lang='lat' dir='ltr'><strong>regiones</strong></span> <span class='ocrx_word' id='word_1_40' title='bbox 739 901 913 988; x_wconf 84' lang='lat' dir='ltr'><strong>praesidiis</strong></span> <span class='ocrx_word' id='word_1_41' title='bbox 958 915 1182 987; x_wconf 84' lang='lat' dir='ltr'><strong>occupaturos,</strong></span> 
     </span>
     <span class='ocr_line' id='line_1_7' title="bbox 97 1007 1182 1101; baseline 0.002 -29"><span class='ocrx_word' id='word_1_42' title='bbox 97 1027 159 1072; x_wconf 85' lang='lat' dir='ltr'><strong>nee</strong></span> <span class='ocrx_word' id='word_1_43' title='bbox 180 1009 401 1085; x_wconf 84' lang='lat' dir='ltr'><strong>dubitaturos,</strong></span> <span class='ocrx_word' id='word_1_44' title='bbox 440 1007 624 1075; x_wconf 86' lang='lat' dir='ltr'><strong>aliudesse</strong></span> <span class='ocrx_word' id='word_1_45' title='bbox 645 1009 829 1088; x_wconf 87' lang='lat' dir='ltr'><strong>facturum,</strong></span> <span class='ocrx_word' id='word_1_46' title='bbox 872 1033 909 1076; x_wconf 89' lang='lat' dir='ltr'><strong>ac</strong></span> <span class='ocrx_word' id='word_1_47' title='bbox 929 1010 1182 1101; x_wconf 81' lang='lat' dir='ltr'><strong>pronuntiasset·</strong></span> 
     </span>
    </p>
   </div>
   <div class='ocr_carea' id='block_1_3' title="bbox 51 1238 1271 4184">
    <p class='ocr_par' dir='ltr' id='par_1_3' title="bbox 51 1238 1271 4184">
     <span class='ocr_line' id='line_1_8' title="bbox 96 1238 1183 1317; baseline 0 -21"><span class='ocrx_word' id='word_1_48' title='bbox 96 1242 179 1297; x_wconf 84' lang='lat' dir='ltr'><strong>Flor.</strong></span> <span class='ocrx_word' id='word_1_49' title='bbox 198 1243 263 1296; x_wconf 85' lang='lat' dir='ltr'><strong>Lib.</strong></span> <span class='ocrx_word' id='word_1_50' title='bbox 276 1262 299 1300; x_wconf 82' lang='grc' dir='ltr'><strong>ι.</strong></span> <span class='ocrx_word' id='word_1_51' title='bbox 323 1261 356 1315; x_wconf 72' lang='lat' dir='ltr'><strong>ea</strong></span> <span class='ocrx_word' id='word_1_52' title='bbox 380 1281 388 1298; x_wconf 97' lang='lat'><strong>.</strong></span> <span class='ocrx_word' id='word_1_53' title='bbox 407 1243 448 1300; x_wconf 70' lang='lat' dir='ltr'><strong>se.</strong></span> <span class='ocrx_word' id='word_1_54' title='bbox 465 1260 495 1299; x_wconf 92' lang='lat' dir='ltr'><strong>n.</strong></span> <span class='ocrx_word' id='word_1_55' title='bbox 506 1247 532 1302; x_wconf 85' lang='grc'><strong>6.</strong></span> <span class='ocrx_word' id='word_1_56' title='bbox 560 1242 621 1299; x_wconf 78' lang='lat' dir='ltr'><strong>Ex·</strong></span> <span class='ocrx_word' id='word_1_57' title='bbox 656 1242 764 1302; x_wconf 83' lang='lat' dir='ltr'><strong>Cicero</strong></span> <span class='ocrx_word' id='word_1_58' title='bbox 783 1265 809 1303; x_wconf 83' lang='lat' dir='ltr'><strong>o.</strong></span> <span class='ocrx_word' id='word_1_59' title='bbox 830 1242 866 1300; x_wconf 87' lang='lat' dir='ltr'><strong>ad</strong></span> <span class='ocrx_word' id='word_1_60' title='bbox 882 1247 962 1300; x_wconf 83' lang='lat' dir='ltr'><strong>Fam.</strong></span> <span class='ocrx_word' id='word_1_61' title='bbox 977 1242 1067 1317; x_wconf 59' lang='lat' dir='ltr'><strong>Epo.</strong></span> <span class='ocrx_word' id='word_1_62' title='bbox 1081 1238 1183 1297; x_wconf 78' lang='lat' dir='ltr'><strong>Pluri-</strong></span> 
     </span>
     <span class='ocr_line' id='line_1_9' title="bbox 97 1261 1271 1390; baseline -0.001 -22"><span class='ocrx_word' id='word_1_63' title='bbox 97 1309 172 1368; x_wconf 76' lang='lat' dir='ltr'><strong>binc</strong></span> <span class='ocrx_word' id='word_1_64' title='bbox 182 1310 305 1381; x_wconf 85' lang='lat' dir='ltr'><strong>bellum,</strong></span> <span class='ocrx_word' id='word_1_65' title='bbox 323 1261 377 1369; x_wconf 74' lang='lat' dir='ltr'><strong>sed</strong></span> <span class='ocrx_word' id='word_1_66' title='bbox 384 1331 399 1366; x_wconf 91' lang='lat' dir='ltr'><strong>a</strong></span> <span class='ocrx_word' id='word_1_67' title='bbox 422 1312 621 1387; x_wconf 81' lang='lat' dir='ltr'><strong>paratuslsor·</strong></span> <span class='ocrx_word' id='word_1_68' title='bbox 655 1316 714 1373; x_wconf 93' lang='lat' dir='ltr'><strong>mis</strong></span> <span class='ocrx_word' id='word_1_69' title='bbox 736 1316 941 1390; x_wconf 78' lang='lat' dir='ltr'><strong>maximisque</strong></span> <span class='ocrx_word' id='word_1_70' title='bbox 962 1311 1138 1368; x_wconf 83' lang='lat' dir='ltr'><strong>muneribus</strong></span> <span class='ocrx_word' id='word_1_71' title='bbox 1155 1317 1184 1379; x_wconf 81' lang='lat' dir='ltr'><strong>et</strong></span> <span class='ocrx_word' id='word_1_72' title='bbox 1265 1353 1271 1367; x_wconf 88' lang='lat'><strong>.</strong></span> 
     </span>
     <span class='ocr_line' id='line_1_10' title="bbox 96 1330 1184 1455; baseline -0.003 -18"><span class='ocrx_word' id='word_1_73' title='bbox 96 1379 208 1438; x_wconf 80' lang='lat' dir='ltr'><strong>ribilis.</strong></span> <span class='ocrx_word' id='word_1_74' title='bbox 226 1383 349 1436; x_wconf 76' lang='lat' dir='ltr'><strong>lustinus</strong></span> <span class='ocrx_word' id='word_1_75' title='bbox 363 1330 429 1436; x_wconf 74' lang='lat' dir='ltr'><strong>Lib.</strong></span> <span class='ocrx_word' id='word_1_76' title='bbox 448 1400 475 1436; x_wconf 81' lang='lat' dir='ltr'><strong>a.</strong></span> <span class='ocrx_word' id='word_1_77' title='bbox 497 1399 562 1455; x_wconf 84' lang='lat' dir='ltr'><strong>sap.</strong></span> <span class='ocrx_word' id='word_1_78' title='bbox 579 1399 620 1435; x_wconf 90' lang='grc' dir='ltr'><strong>ιο.</strong></span> <span class='ocrx_word' id='word_1_79' title='bbox 656 1402 712 1440; x_wconf 85' lang='lat' dir='ltr'><strong>nos</strong></span> <span class='ocrx_word' id='word_1_80' title='bbox 725 1385 860 1451; x_wconf 90' lang='lat' dir='ltr'><strong>amicos,</strong></span> <span class='ocrx_word' id='word_1_81' title='bbox 878 1391 908 1441; x_wconf 88' lang='lat' dir='ltr'><strong>et</strong></span> <span class='ocrx_word' id='word_1_82' title='bbox 929 1384 1007 1438; x_wconf 80' lang='lat' dir='ltr'><strong>ciues</strong></span> <span class='ocrx_word' id='word_1_83' title='bbox 1027 1391 1094 1437; x_wconf 83' lang='lat' dir='ltr'><strong>tuos</strong></span> <span class='ocrx_word' id='word_1_84' title='bbox 1118 1380 1184 1435; x_wconf 85' lang='lat' dir='ltr'><strong>uni·</strong></span> 
     </span>
     <span class='ocr_line' id='line_1_11' title="bbox 96 1448 1185 1526; baseline -0.006 -18"><span class='ocrx_word' id='word_1_85' title='bbox 96 1451 220 1508; x_wconf 84' lang='lat' dir='ltr'><strong>Interea</strong></span> <span class='ocrx_word' id='word_1_86' title='bbox 241 1457 270 1507; x_wconf 85' lang='lat' dir='ltr'><strong>et</strong></span> <span class='ocrx_word' id='word_1_87' title='bbox 287 1451 403 1506; x_wconf 85' lang='lat' dir='ltr'><strong>Darius</strong></span> <span class='ocrx_word' id='word_1_88' title='bbox 421 1469 488 1506; x_wconf 88' lang='lat' dir='ltr'><strong>cum</strong></span> <span class='ocrx_word' id='word_1_89' title='bbox 510 1448 623 1506; x_wconf 87' lang='lat' dir='ltr'><strong>bellum</strong></span> <span class='ocrx_word' id='word_1_90' title='bbox 655 1471 770 1519; x_wconf 82' lang='lat' dir='ltr'><strong>uersos,</strong></span> <span class='ocrx_word' id='word_1_91' title='bbox 790 1462 820 1510; x_wconf 89' lang='lat' dir='ltr'><strong>et</strong></span> <span class='ocrx_word' id='word_1_92' title='bbox 834 1469 929 1526; x_wconf 81' lang='lat' dir='ltr'><strong>remp.</strong></span> <span class='ocrx_word' id='word_1_93' title='bbox 948 1450 1068 1505; x_wconf 79' lang='lat' dir='ltr'><strong>afficies.</strong></span> <span class='ocrx_word' id='word_1_94' title='bbox 1096 1448 1185 1503; x_wconf 86' lang='lat' dir='ltr'><strong>etsie</strong></span> 
     </span>
     <span class='ocr_line' id='line_1_12' title="bbox 94 1518 1184 1642; baseline -0.006 -64"><span class='ocrx_word' id='word_1_95' title='bbox 94 1526 306 1586; x_wconf 76' lang='lat' dir='ltr'><strong>restauraret,</strong></span> <span class='ocrx_word' id='word_1_96' title='bbox 332 1521 366 1576; x_wconf 88' lang='lat' dir='ltr'><strong>in</strong></span> <span class='ocrx_word' id='word_1_97' title='bbox 392 1521 458 1593; x_wconf 84' lang='lat' dir='ltr'><strong>ipso</strong></span> <span class='ocrx_word' id='word_1_98' title='bbox 480 1528 623 1595; x_wconf 82' lang='lat' dir='ltr'><strong>apparatu</strong></span> <span class='ocrx_word' id='word_1_99' title='bbox 656 1523 727 1577; x_wconf 84' lang='lat' dir='ltr'><strong>alibi</strong></span> <span class='ocrx_word' id='word_1_100' title='bbox 744 1521 855 1577; x_wconf 83' lang='lat' dir='ltr'><strong>millies</strong></span> <span class='ocrx_word' id='word_1_101' title='bbox 877 1522 909 1593; x_wconf 84' lang='lat' dir='ltr'><strong>in</strong></span> <span class='ocrx_word' id='word_1_102' title='bbox 928 1518 1039 1574; x_wconf 87' lang='lat' dir='ltr'><strong>bonam</strong></span> <span class='ocrx_word' id='word_1_103' title='bbox 1058 1528 1184 1642; x_wconf 56' lang='lat' dir='ltr'><strong>Kartum.</strong></span> 
     </span>
     <span class='ocr_line' id='line_1_13' title="bbox 95 1584 1184 1662; baseline -0.006 -15"><span class='ocrx_word' id='word_1_104' title='bbox 95 1588 224 1647; x_wconf 78' lang='lat' dir='ltr'><strong>decedit.</strong></span> <span class='ocrx_word' id='word_1_105' title='bbox 323 1657 330 1662; x_wconf 27' lang='lat'><strong>⁴</strong></span> <span class='ocrx_word' id='word_1_106' title='bbox 654 1593 714 1646; x_wconf 87' lang='lat' dir='ltr'><strong>Pro</strong></span> <span class='ocrx_word' id='word_1_107' title='bbox 738 1589 1028 1662; x_wconf 74' lang='lat' dir='ltr'><strong>exercitatissimum</strong></span> <span class='ocrx_word' id='word_1_108' title='bbox 1081 1584 1184 1642; x_wconf 83' lang='lat' dir='ltr'><strong>aberet</strong></span> 
     </span>
     <span class='ocr_line' id='line_1_14' title="bbox 125 1653 1182 1732; baseline -0.014 -17"><span class='ocrx_word' id='word_1_109' title='bbox 125 1653 621 1732; x_wconf 80' lang='lat' dir='ltr'><strong>Insigniusqueornarentur]Boe·</strong></span> <span class='ocrx_word' id='word_1_110' title='bbox 657 1660 821 1717; x_wconf 80' lang='lat' dir='ltr'><strong>exercitum</strong></span> <span class='ocrx_word' id='word_1_111' title='bbox 838 1658 920 1715; x_wconf 79' lang='lat' dir='ltr'><strong>Laid.</strong></span> <span class='ocrx_word' id='word_1_112' title='bbox 937 1675 975 1710; x_wconf 76' lang='lat' dir='ltr'><strong>ns.</strong></span> <span class='ocrx_word' id='word_1_113' title='bbox 992 1655 1117 1712; x_wconf 80' lang='lat' dir='ltr'><strong>baberet</strong></span> <span class='ocrx_word' id='word_1_114' title='bbox 1131 1673 1182 1710; x_wconf 85' lang='lat' dir='ltr'><strong>era.</strong></span> 
     </span>
     <span class='ocr_line' id='line_1_15' title="bbox 95 1723 1181 1799; baseline -0.006 -15"><span class='ocrx_word' id='word_1_115' title='bbox 95 1729 174 1783; x_wconf 71' lang='lat' dir='ltr'><strong>clen&#39;</strong></span> <span class='ocrx_word' id='word_1_116' title='bbox 195 1728 297 1781; x_wconf 82' lang='lat' dir='ltr'><strong>aberat</strong></span> <span class='ocrx_word' id='word_1_117' title='bbox 322 1726 445 1799; x_wconf 76' lang='lat' dir='ltr'><strong>copula,</strong></span> <span class='ocrx_word' id='word_1_118' title='bbox 482 1735 511 1778; x_wconf 85' lang='lat' dir='ltr'><strong>et</strong></span> <span class='ocrx_word' id='word_1_119' title='bbox 529 1723 625 1797; x_wconf 76' lang='lat' dir='ltr'><strong>potest</strong></span> <span class='ocrx_word' id='word_1_120' title='bbox 656 1730 783 1788; x_wconf 81' lang='lat' dir='ltr'><strong>ercitum</strong></span> <span class='ocrx_word' id='word_1_121' title='bbox 820 1733 849 1784; x_wconf 87' lang='lat' dir='ltr'><strong>et</strong></span> <span class='ocrx_word' id='word_1_122' title='bbox 878 1725 1181 1788; x_wconf 76' lang='lat' dir='ltr'><strong>exercitatissimum.</strong></span> 
     </span>
     <span class='ocr_line' id='line_1_16' title="bbox 95 1790 1184 1871; baseline -0.006 -20"><span class='ocrx_word' id='word_1_123' title='bbox 95 1797 203 1851; x_wconf 82' lang='lat' dir='ltr'><strong>abella.</strong></span> <span class='ocrx_word' id='word_1_124' title='bbox 217 1799 291 1849; x_wconf 90' lang='lat' dir='ltr'><strong>Dan.</strong></span> <span class='ocrx_word' id='word_1_125' title='bbox 301 1790 622 1866; x_wconf 79' lang='lat' dir='ltr'><strong>habebatinsignibus-</strong></span> <span class='ocrx_word' id='word_1_126' title='bbox 657 1794 730 1867; x_wconf 79' lang='lat' dir='ltr'><strong>[Ax.</strong></span> <span class='ocrx_word' id='word_1_127' title='bbox 743 1798 798 1854; x_wconf 84' lang='lat' dir='ltr'><strong>Gu.</strong></span> <span class='ocrx_word' id='word_1_128' title='bbox 808 1796 865 1852; x_wconf 87' lang='lat' dir='ltr'><strong>Ult.</strong></span> <span class='ocrx_word' id='word_1_129' title='bbox 877 1794 1012 1871; x_wconf 83' lang='lat' dir='ltr'><strong>maguis,</strong></span> <span class='ocrx_word' id='word_1_130' title='bbox 1031 1803 1064 1847; x_wconf 90' lang='lat' dir='ltr'><strong>ut</strong></span> <span class='ocrx_word' id='word_1_131' title='bbox 1073 1790 1184 1847; x_wconf 86' lang='lat' dir='ltr'><strong>editum</strong></span> 
     </span>
     <span class='ocr_line' id='line_1_17' title="bbox 94 1857 710 1941; baseline 0 -21"><span class='ocrx_word' id='word_1_132' title='bbox 94 1885 171 1941; x_wconf 84' lang='lat' dir='ltr'><strong>que:</strong></span> <span class='ocrx_word' id='word_1_133' title='bbox 189 1864 272 1937; x_wconf 88' lang='lat' dir='ltr'><strong>eulpa</strong></span> <span class='ocrx_word' id='word_1_134' title='bbox 289 1863 372 1917; x_wconf 87' lang='lat' dir='ltr'><strong>scioli</strong></span> <span class='ocrx_word' id='word_1_135' title='bbox 389 1860 623 1936; x_wconf 74' lang='lat' dir='ltr'><strong>cuiusdam,.opi·</strong></span> <span class='ocrx_word' id='word_1_136' title='bbox 657 1857 710 1921; x_wconf 74' lang='lat' dir='ltr'><strong>eit.</strong></span> 
     </span>
     <span class='ocr_line' id='line_1_18' title="bbox 94 1919 1184 2006; baseline -0.007 -17"><span class='ocrx_word' id='word_1_137' title='bbox 94 1953 178 1996; x_wconf 87' lang='lat' dir='ltr'><strong>nor,</strong></span> <span class='ocrx_word' id='word_1_138' title='bbox 209 1934 255 1985; x_wconf 90' lang='lat' dir='ltr'><strong>eui</strong></span> <span class='ocrx_word' id='word_1_139' title='bbox 282 1932 421 2005; x_wconf 80' lang='lat' dir='ltr'><strong>insignia</strong></span> <span class='ocrx_word' id='word_1_140' title='bbox 444 1931 571 1999; x_wconf 59' lang='lat' dir='ltr'><strong>militur,</strong></span> <span class='ocrx_word' id='word_1_141' title='bbox 592 1929 624 1985; x_wconf 85' lang='lat' dir='ltr'><strong>in</strong></span> <span class='ocrx_word' id='word_1_142' title='bbox 722 1932 769 1988; x_wconf 90' lang='lat' dir='ltr'><strong>uic</strong></span> <span class='ocrx_word' id='word_1_143' title='bbox 787 1919 1184 2006; x_wconf 77' lang='lat' dir='ltr'><strong>cumtempusesseratsum]</strong></span> 
     </span>
     <span class='ocr_line' id='line_1_19' title="bbox 95 1995 1182 2070; baseline -0.006 -14"><span class='ocrx_word' id='word_1_144' title='bbox 95 2012 223 2056; x_wconf 81' lang='lat' dir='ltr'><strong>mentem</strong></span> <span class='ocrx_word' id='word_1_145' title='bbox 246 2009 339 2054; x_wconf 87' lang='lat' dir='ltr'><strong>erant.</strong></span> <span class='ocrx_word' id='word_1_146' title='bbox 362 2001 482 2056; x_wconf 82' lang='lat' dir='ltr'><strong>Rosius.</strong></span> <span class='ocrx_word' id='word_1_147' title='bbox 569 1995 625 2061; x_wconf 74' lang='lat' dir='ltr'><strong>dex</strong></span> <span class='ocrx_word' id='word_1_148' title='bbox 657 2003 779 2059; x_wconf 82' lang='lat' dir='ltr'><strong>insolita</strong></span> <span class='ocrx_word' id='word_1_149' title='bbox 801 2002 912 2067; x_wconf 85' lang='lat' dir='ltr'><strong>loc&#39;utio</strong></span> <span class='ocrx_word' id='word_1_150' title='bbox 935 2001 999 2070; x_wconf 66' lang='lat' dir='ltr'><strong>visa,</strong></span> <span class='ocrx_word' id='word_1_151' title='bbox 1019 1995 1182 2055; x_wconf 85' lang='lat' dir='ltr'><strong>Lambina.</strong></span> 
     </span>
     <span class='ocr_line' id='line_1_20' title="bbox 95 2065 1182 2148; baseline -0.01 -18"><span class='ocrx_word' id='word_1_152' title='bbox 95 2069 223 2139; x_wconf 68' lang='lat' dir='ltr'><strong>Vols-‚IL</strong></span> <span class='ocrx_word' id='word_1_153' title='bbox 236 2066 623 2123; x_wconf 74' lang='lat' dir='ltr'><strong>consentititerumssoeete.</strong></span> <span class='ocrx_word' id='word_1_154' title='bbox 657 2071 824 2148; x_wconf 82' lang='lat' dir='ltr'><strong>ltaquetem</strong></span> <span class='ocrx_word' id='word_1_155' title='bbox 846 2065 1182 2141; x_wconf 73' lang='lat' dir='ltr'><strong>ardelenduniputabat.</strong></span> 
     </span>
     <span class='ocr_line' id='line_1_21' title="bbox 94 2086 1183 2214; baseline -0.005 -23"><span class='ocrx_word' id='word_1_156' title='bbox 94 2141 195 2194; x_wconf 87' lang='lat' dir='ltr'><strong>riano.</strong></span> <span class='ocrx_word' id='word_1_157' title='bbox 217 2134 284 2209; x_wconf 73' lang='lat' dir='ltr'><strong>[Ax.</strong></span> <span class='ocrx_word' id='word_1_158' title='bbox 295 2134 553 2214; x_wconf 79' lang='lat' dir='ltr'><strong>etiiminsignius.</strong></span> <span class='ocrx_word' id='word_1_159' title='bbox 565 2134 620 2188; x_wconf 85' lang='lat' dir='ltr'><strong>[iu.</strong></span> <span class='ocrx_word' id='word_1_160' title='bbox 659 2129 802 2193; x_wconf 79' lang='lat' dir='ltr'><strong>Sicorim</strong></span> <span class='ocrx_word' id='word_1_161' title='bbox 819 2086 901 2210; x_wconf 71' lang='lat' dir='ltr'><strong>liqut</strong></span> <span class='ocrx_word' id='word_1_162' title='bbox 925 2136 1068 2197; x_wconf 84' lang='lat' dir='ltr'><strong>Latinos,</strong></span> <span class='ocrx_word' id='word_1_163' title='bbox 1086 2135 1183 2213; x_wconf 78' lang='lat' dir='ltr'><strong>uisum</strong></span> 
     </span>
     <span class='ocr_line' id='line_1_22' title="bbox 78 2199 1183 2287; baseline -0.007 -23"><span class='ocrx_word' id='word_1_164' title='bbox 78 2206 292 2287; x_wconf 66' lang='lat' dir='ltr'><strong>‘insigniusque</strong></span> <span class='ocrx_word' id='word_1_165' title='bbox 310 2240 320 2269; x_wconf 93' lang='lat'><strong>,</strong></span> <span class='ocrx_word' id='word_1_166' title='bbox 337 2206 622 2279; x_wconf 83' lang='lat' dir='ltr'><strong>etlitteraeusuper-</strong></span> <span class='ocrx_word' id='word_1_167' title='bbox 657 2213 703 2263; x_wconf 86' lang='lat' dir='ltr'><strong>est</strong></span> <span class='ocrx_word' id='word_1_168' title='bbox 727 2207 806 2263; x_wconf 81' lang='lat' dir='ltr'><strong>mibi</strong></span> <span class='ocrx_word' id='word_1_169' title='bbox 825 2203 940 2286; x_wconf 77' lang='lat' dir='ltr'><strong>dicere,</strong></span> <span class='ocrx_word' id='word_1_170' title='bbox 966 2203 1115 2286; x_wconf 74' lang='lat' dir='ltr'><strong>scribere,</strong></span> <span class='ocrx_word' id='word_1_171' title='bbox 1130 2199 1183 2285; x_wconf 59' lang='lat' dir='ltr'><strong>fa:</strong></span> 
     </span>
     <span class='ocr_line' id='line_1_23' title="bbox 95 2272 1231 2416; baseline -0.005 -18"><span class='ocrx_word' id='word_1_172' title='bbox 95 2272 453 2416; x_wconf 55' lang='lat' dir='ltr'><strong>wiliiiiiiap&#39;roiiisatr]</strong></span> <span class='ocrx_word' id='word_1_173' title='bbox 472 2339 549 2399; x_wconf 79' lang='lat' dir='ltr'><strong>vide</strong></span> <span class='ocrx_word' id='word_1_174' title='bbox 561 2338 622 2395; x_wconf 88' lang='lat' dir='ltr'><strong>Xe·</strong></span> <span class='ocrx_word' id='word_1_175' title='bbox 656 2273 1144 2406; x_wconf 49' lang='lat' dir='ltr'><strong>iibbbdalltiileifbctiffribltrirididid,</strong></span> <span class='ocrx_word' id='word_1_176' title='bbox 1155 2288 1184 2392; x_wconf 71' lang='lat' dir='ltr'><strong>il</strong></span> <span class='ocrx_word' id='word_1_177' title='bbox 1226 2315 1231 2321; x_wconf 29' lang='grc' dir='ltr'>Ι</span> 
     </span>
     <span class='ocr_line' id='line_1_24' title="bbox 95 2407 1201 2484; baseline -0.004 -18"><span class='ocrx_word' id='word_1_178' title='bbox 95 2408 287 2484; x_wconf 80' lang='lat' dir='ltr'><strong>nophontem-</strong></span> <span class='ocrx_word' id='word_1_179' title='bbox 297 2407 327 2465; x_wconf 85' lang='lat' dir='ltr'><strong>b.</strong></span> <span class='ocrx_word' id='word_1_180' title='bbox 339 2412 389 2466; x_wconf 87' lang='lat' dir='ltr'><strong>Gr.</strong></span> <span class='ocrx_word' id='word_1_181' title='bbox 399 2413 425 2465; x_wconf 87' lang='grc'><strong>3.</strong></span> <span class='ocrx_word' id='word_1_182' title='bbox 443 2426 510 2481; x_wconf 84' lang='lat' dir='ltr'><strong>pag.</strong></span> <span class='ocrx_word' id='word_1_183' title='bbox 523 2415 583 2480; x_wconf 73' lang='lat'><strong>499.</strong></span> <span class='ocrx_word' id='word_1_184' title='bbox 594 2416 624 2460; x_wconf 84' lang='lat' dir='ltr'><strong>et</strong></span> <span class='ocrx_word' id='word_1_185' title='bbox 656 2410 772 2466; x_wconf 80' lang='lat' dir='ltr'><strong>dixisse:</strong></span> <span class='ocrx_word' id='word_1_186' title='bbox 798 2428 865 2481; x_wconf 86' lang='lat' dir='ltr'><strong>cum</strong></span> <span class='ocrx_word' id='word_1_187' title='bbox 887 2417 1005 2483; x_wconf 80' lang='lat' dir='ltr'><strong>tempus</strong></span> <span class='ocrx_word' id='word_1_188' title='bbox 1025 2414 1070 2464; x_wconf 89' lang='lat' dir='ltr'><strong>est</strong></span> <span class='ocrx_word' id='word_1_189' title='bbox 1088 2408 1201 2463; x_wconf 87' lang='lat' dir='ltr'><strong>oisum&#39;</strong></span> 
     </span>
     <span class='ocr_line' id='line_1_25' title="bbox 97 2476 1183 2601; baseline -0.004 -68"><span class='ocrx_word' id='word_1_190' title='bbox 97 2478 246 2558; x_wconf 75' lang='lat' dir='ltr'><strong>Agesilao</strong></span> <span class='ocrx_word' id='word_1_191' title='bbox 256 2493 320 2601; x_wconf 51' lang='grc' dir='ltr'><strong>μᾶ.</strong></span> <span class='ocrx_word' id='word_1_192' title='bbox 330 2481 390 2537; x_wconf 82' lang='lat'><strong>655.</strong></span> <span class='ocrx_word' id='word_1_193' title='bbox 398 2479 520 2541; x_wconf 77' lang='lat' dir='ltr'><strong>Rosius.</strong></span> <span class='ocrx_word' id='word_1_194' title='bbox 532 2481 624 2539; x_wconf 75' lang='lat' dir='ltr'><strong>Locu-</strong></span> <span class='ocrx_word' id='word_1_195' title='bbox 658 2481 705 2549; x_wconf 62' lang='grc' dir='ltr'><strong>[εἰ</strong></span> <span class='ocrx_word' id='word_1_196' title='bbox 717 2476 889 2557; x_wconf 63' lang='lat' dir='ltr'><strong>gerendae}</strong></span> <span class='ocrx_word' id='word_1_197' title='bbox 910 2489 939 2532; x_wconf 87' lang='lat' dir='ltr'><strong>et</strong></span> <span class='ocrx_word' id='word_1_198' title='bbox 959 2483 998 2545; x_wconf 69' lang='lat'><strong>14,</strong></span> <span class='ocrx_word' id='word_1_199' title='bbox 1015 2496 1057 2541; x_wconf 86' lang='grc' dir='ltr'><strong>ιι,</strong></span> <span class='ocrx_word' id='word_1_200' title='bbox 1073 2496 1095 2528; x_wconf 84' lang='lat'><strong>1.</strong></span> <span class='ocrx_word' id='word_1_201' title='bbox 1107 2482 1183 2532; x_wconf 87' lang='lat' dir='ltr'><strong>tem·</strong></span> 
     </span>
     <span class='ocr_line' id='line_1_26' title="bbox 97 2545 1184 2622; baseline -0.006 -21"><span class='ocrx_word' id='word_1_202' title='bbox 97 2549 211 2602; x_wconf 85' lang='lat' dir='ltr'><strong>tionem</strong></span> <span class='ocrx_word' id='word_1_203' title='bbox 239 2548 291 2600; x_wconf 82' lang='lat' dir='ltr'><strong>tllu</strong></span> <span class='ocrx_word' id='word_1_204' title='bbox 313 2548 392 2600; x_wconf 84' lang='lat' dir='ltr'><strong>ravit</strong></span> <span class='ocrx_word' id='word_1_205' title='bbox 418 2547 556 2605; x_wconf 86' lang='lat' dir='ltr'><strong>Burman.</strong></span> <span class='ocrx_word' id='word_1_206' title='bbox 588 2547 626 2613; x_wconf 77' lang='lat' dir='ltr'><strong>ad</strong></span> <span class='ocrx_word' id='word_1_207' title='bbox 658 2567 714 2622; x_wconf 85' lang='lat' dir='ltr'><strong>pus</strong></span> <span class='ocrx_word' id='word_1_208' title='bbox 730 2567 794 2604; x_wconf 87' lang='lat' dir='ltr'><strong>esse</strong></span> <span class='ocrx_word' id='word_1_209' title='bbox 810 2562 945 2620; x_wconf 68' lang='lat' dir='ltr'><strong>majores</strong></span> <span class='ocrx_word' id='word_1_210' title='bbox 961 2545 1111 2601; x_wconf 79' lang='lat' dir='ltr'><strong>exercitus</strong></span> <span class='ocrx_word' id='word_1_211' title='bbox 1129 2558 1184 2616; x_wconf 84' lang='lat' dir='ltr'><strong>pa·</strong></span> 
     </span>
     <span class='ocr_line' id='line_1_27' title="bbox 96 2612 1214 2686; baseline -0.002 -17"><span class='ocrx_word' id='word_1_212' title='bbox 96 2613 223 2673; x_wconf 81' lang='lat' dir='ltr'><strong>Phaedr.</strong></span> <span class='ocrx_word' id='word_1_213' title='bbox 238 2612 336 2669; x_wconf 88' lang='lat' dir='ltr'><strong>Lib.1.</strong></span> <span class='ocrx_word' id='word_1_214' title='bbox 351 2612 412 2668; x_wconf 81' lang='lat' dir='ltr'><strong>fab.</strong></span> <span class='ocrx_word' id='word_1_215' title='bbox 430 2617 469 2673; x_wconf 72' lang='lat' dir='ltr'><strong>sis.</strong></span> <span class='ocrx_word' id='word_1_216' title='bbox 486 2630 527 2667; x_wconf 83' lang='lat' dir='ltr'><strong>vs.</strong></span> <span class='ocrx_word' id='word_1_217' title='bbox 538 2633 565 2678; x_wconf 78' lang='lat' dir='ltr'><strong>q.</strong></span> <span class='ocrx_word' id='word_1_218' title='bbox 659 2617 734 2672; x_wconf 84' lang='lat' dir='ltr'><strong>rari.</strong></span> <span class='ocrx_word' id='word_1_219' title='bbox 756 2615 881 2686; x_wconf 86' lang='lat' dir='ltr'><strong>denique</strong></span> <span class='ocrx_word' id='word_1_220' title='bbox 897 2616 945 2676; x_wconf 73' lang='lat'><strong>23,</strong></span> <span class='ocrx_word' id='word_1_221' title='bbox 965 2616 1006 2678; x_wconf 81' lang='lat'><strong>13,</strong></span> <span class='ocrx_word' id='word_1_222' title='bbox 1023 2619 1050 2683; x_wconf 76' lang='lat'><strong>4.</strong></span> <span class='ocrx_word' id='word_1_223' title='bbox 1066 2618 1185 2684; x_wconf 82' lang='lat' dir='ltr'><strong>tempus</strong></span> <span class='ocrx_word' id='word_1_224' title='bbox 1211 2677 1214 2681; x_wconf 24' lang='grc' dir='ltr'>ι</span> 
     </span>
     <span class='ocr_line' id='line_1_28' title="bbox 102 2676 1183 2755; baseline -0.009 -14"><span class='ocrx_word' id='word_1_225' title='bbox 102 2692 105 2698; x_wconf 93' lang='grc'><strong>’</strong></span> <span class='ocrx_word' id='word_1_226' title='bbox 136 2683 213 2741; x_wconf 80' lang='lat' dir='ltr'><strong>Fecit</strong></span> <span class='ocrx_word' id='word_1_227' title='bbox 234 2680 316 2739; x_wconf 84' lang='lat' dir='ltr'><strong>idem</strong></span> <span class='ocrx_word' id='word_1_228' title='bbox 334 2681 368 2738; x_wconf 85' lang='lat' dir='ltr'><strong>in</strong></span> <span class='ocrx_word' id='word_1_229' title='bbox 388 2680 512 2739; x_wconf 74' lang='lat' dir='ltr'><strong>exercit,</strong></span> <span class='ocrx_word' id='word_1_230' title='bbox 529 2676 624 2755; x_wconf 78' lang='lat' dir='ltr'><strong>gem]</strong></span> <span class='ocrx_word' id='word_1_231' title='bbox 659 2681 938 2753; x_wconf 82' lang='lat' dir='ltr'><strong>estfacerefinem.</strong></span> <span class='ocrx_word' id='word_1_232' title='bbox 966 2683 1114 2755; x_wconf 81' lang='lat' dir='ltr'><strong>integrum</strong></span> <span class='ocrx_word' id='word_1_233' title='bbox 1129 2689 1183 2743; x_wconf 87' lang='lat' dir='ltr'><strong>est,</strong></span> 
     </span>
     <span class='ocr_line' id='line_1_29' title="bbox 97 2746 1185 2829; baseline -0.002 -22"><span class='ocrx_word' id='word_1_234' title='bbox 97 2754 164 2807; x_wconf 82' lang='lat' dir='ltr'><strong>Hoc</strong></span> <span class='ocrx_word' id='word_1_235' title='bbox 210 2749 323 2804; x_wconf 83' lang='lat' dir='ltr'><strong>laribus</strong></span> <span class='ocrx_word' id='word_1_236' title='bbox 347 2748 447 2803; x_wconf 85' lang='lat' dir='ltr'><strong>verbis</strong></span> <span class='ocrx_word' id='word_1_237' title='bbox 472 2752 623 2829; x_wconf 80' lang='lat' dir='ltr'><strong>persequi·</strong></span> <span class='ocrx_word' id='word_1_238' title='bbox 658 2752 755 2806; x_wconf 79' lang='lat' dir='ltr'><strong>visum</strong></span> <span class='ocrx_word' id='word_1_239' title='bbox 768 2759 816 2807; x_wconf 84' lang='lat' dir='ltr'><strong>est</strong></span> <span class='ocrx_word' id='word_1_240' title='bbox 830 2758 947 2826; x_wconf 80' lang='lat' dir='ltr'><strong>tempus</strong></span> <span class='ocrx_word' id='word_1_241' title='bbox 955 2747 1110 2819; x_wconf 77' lang='lat' dir='ltr'><strong>faciendi,</strong></span> <span class='ocrx_word' id='word_1_242' title='bbox 1136 2746 1185 2801; x_wconf 78' lang='lat' dir='ltr'><strong>vel</strong></span> 
     </span>
     <span class='ocr_line' id='line_1_30' title="bbox 97 2813 1186 2892; baseline -0.004 -17"><span class='ocrx_word' id='word_1_243' title='bbox 97 2831 149 2875; x_wconf 85' lang='lat' dir='ltr'><strong>tur</strong></span> <span class='ocrx_word' id='word_1_244' title='bbox 208 2817 401 2892; x_wconf 74' lang='lat' dir='ltr'><strong>anaphonia</strong></span> <span class='ocrx_word' id='word_1_245' title='bbox 427 2815 571 2891; x_wconf 67' lang='lat' dir='ltr'><strong>Agesilao</strong></span> <span class='ocrx_word' id='word_1_246' title='bbox 595 2829 625 2873; x_wconf 86' lang='lat' dir='ltr'><strong>et</strong></span> <span class='ocrx_word' id='word_1_247' title='bbox 651 2819 768 2892; x_wconf 80' lang='lat' dir='ltr'><strong>facere:</strong></span> <span class='ocrx_word' id='word_1_248' title='bbox 788 2818 959 2891; x_wconf 85' lang='lat' dir='ltr'><strong>ellipticum,</strong></span> <span class='ocrx_word' id='word_1_249' title='bbox 977 2819 1072 2873; x_wconf 85' lang='lat' dir='ltr'><strong>visum</strong></span> <span class='ocrx_word' id='word_1_250' title='bbox 1088 2813 1186 2886; x_wconf 78' lang='lat' dir='ltr'><strong>estfa-</strong></span> 
     </span>
     <span class='ocr_line' id='line_1_31' title="bbox 51 2885 1184 2959; baseline 0 -20"><span class='ocrx_word' id='word_1_251' title='bbox 51 2928 68 2939; x_wconf 74' lang='grc'><strong>.</strong></span> <span class='ocrx_word' id='word_1_252' title='bbox 97 2890 165 2944; x_wconf 88' lang='lat' dir='ltr'><strong>Lib.</strong></span> <span class='ocrx_word' id='word_1_253' title='bbox 176 2891 203 2944; x_wconf 81' lang='lat'><strong>3.</strong></span> <span class='ocrx_word' id='word_1_254' title='bbox 227 2887 263 2943; x_wconf 86' lang='lat' dir='ltr'><strong>de</strong></span> <span class='ocrx_word' id='word_1_255' title='bbox 278 2886 339 2943; x_wconf 84' lang='lat' dir='ltr'><strong>reb.</strong></span> <span class='ocrx_word' id='word_1_256' title='bbox 359 2885 409 2944; x_wconf 82' lang='lat' dir='ltr'><strong>Gr.</strong></span> <span class='ocrx_word' id='word_1_257' title='bbox 426 2885 593 2940; x_wconf 83' lang='lat' dir='ltr'><strong>Lambinus.</strong></span> <span class='ocrx_word' id='word_1_258' title='bbox 626 2896 631 2901; x_wconf 85' lang='lat'>&#39;</span> <span class='ocrx_word' id='word_1_259' title='bbox 659 2907 733 2945; x_wconf 79' lang='lat' dir='ltr'><strong>cere.</strong></span> <span class='ocrx_word' id='word_1_260' title='bbox 757 2888 886 2959; x_wconf 84' lang='lat' dir='ltr'><strong>Tempus</strong></span> <span class='ocrx_word' id='word_1_261' title='bbox 901 2897 995 2940; x_wconf 84' lang='lat' dir='ltr'><strong>autem</strong></span> <span class='ocrx_word' id='word_1_262' title='bbox 1010 2885 1184 2948; x_wconf 76' lang='lat' dir='ltr'><strong>extrahere,</strong></span> 
     </span>
     <span class='ocr_line' id='line_1_32' title="bbox 88 2952 1196 3035; baseline -0.008 -21"><span class='ocrx_word' id='word_1_263' title='bbox 88 2962 94 2971; x_wconf 76' lang='grc'><em>’</em></span> <span class='ocrx_word' id='word_1_264' title='bbox 134 2959 195 3016; x_wconf 81' lang='lat' dir='ltr'><strong>Eos</strong></span> <span class='ocrx_word' id='word_1_265' title='bbox 211 2974 263 3013; x_wconf 85' lang='lat' dir='ltr'><strong>me</strong></span> <span class='ocrx_word' id='word_1_266' title='bbox 310 2953 357 3023; x_wconf 90' lang='lat' dir='ltr'><strong>is]</strong></span> <span class='ocrx_word' id='word_1_267' title='bbox 372 2954 622 3035; x_wconf 58' lang='lat' dir='ltr'><strong>Ms3eosma&#39;gis.</strong></span> <span class='ocrx_word' id='word_1_268' title='bbox 680 2976 715 3012; x_wconf 81' lang='lat' dir='ltr'><strong>ro</strong></span> <span class='ocrx_word' id='word_1_269' title='bbox 732 2952 925 3012; x_wconf 69' lang='lat' dir='ltr'><strong>extrahendi</strong></span> <span class='ocrx_word' id='word_1_270' title='bbox 947 2955 994 3007; x_wconf 87' lang='lat' dir='ltr'><strong>vel</strong></span> <span class='ocrx_word' id='word_1_271' title='bbox 1021 2954 1063 3010; x_wconf 87' lang='lat' dir='ltr'><strong>ad</strong></span> <span class='ocrx_word' id='word_1_272' title='bbox 1080 2961 1196 3033; x_wconf 60' lang='lat' dir='ltr'><strong>extra.</strong></span> 
     </span>
     <span class='ocr_line' id='line_1_33' title="bbox 99 2975 1185 3106; baseline -0.007 -26"><span class='ocrx_word' id='word_1_273' title='bbox 99 3025 188 3106; x_wconf 71' lang='lat' dir='ltr'><strong>Quod</strong></span> <span class='ocrx_word' id='word_1_274' title='bbox 210 3026 246 3079; x_wconf 84' lang='lat' dir='ltr'><strong>etl</strong></span> <span class='ocrx_word' id='word_1_275' title='bbox 276 3042 351 3100; x_wconf 78' lang='lat' dir='ltr'><strong>ange</strong></span> <span class='ocrx_word' id='word_1_276' title='bbox 369 3022 490 3087; x_wconf 74' lang='lat' dir='ltr'><strong>melius,</strong></span> <span class='ocrx_word' id='word_1_277' title='bbox 511 3027 624 3095; x_wconf 85' lang='lat' dir='ltr'><strong>totique</strong></span> <span class='ocrx_word' id='word_1_278' title='bbox 658 2975 811 3090; x_wconf 63' lang='lat' dir='ltr'><strong>bendum,</strong></span> <span class='ocrx_word' id='word_1_279' title='bbox 828 3023 1022 3078; x_wconf 82' lang='lat' dir='ltr'><strong>Hellanisruus</strong></span> <span class='ocrx_word' id='word_1_280' title='bbox 1037 3024 1084 3077; x_wconf 83' lang='lat' dir='ltr'><strong>eli.</strong></span> <span class='ocrx_word' id='word_1_281' title='bbox 1107 3018 1185 3078; x_wconf 77' lang='lat' dir='ltr'><strong>Vide</strong></span> 
     </span>
     <span class='ocr_line' id='line_1_34' title="bbox 97 3089 1185 3165; baseline -0.006 -16"><span class='ocrx_word' id='word_1_282' title='bbox 97 3095 168 3149; x_wconf 88' lang='lat' dir='ltr'><strong>loeo</strong></span> <span class='ocrx_word' id='word_1_283' title='bbox 187 3092 418 3149; x_wconf 85' lang='lat' dir='ltr'><strong>convenientius.</strong></span> <span class='ocrx_word' id='word_1_284' title='bbox 448 3091 520 3147; x_wconf 89' lang='lat' dir='ltr'><strong>Vult</strong></span> <span class='ocrx_word' id='word_1_285' title='bbox 536 3096 624 3157; x_wconf 85' lang='lat' dir='ltr'><strong>enim,</strong></span> <span class='ocrx_word' id='word_1_286' title='bbox 659 3093 722 3158; x_wconf 77' lang='lat' dir='ltr'><strong>lod.</strong></span> <span class='ocrx_word' id='word_1_287' title='bbox 744 3112 774 3152; x_wconf 84' lang='lat' dir='ltr'><strong>v.</strong></span> <span class='ocrx_word' id='word_1_288' title='bbox 797 3101 923 3165; x_wconf 83' lang='lat' dir='ltr'><strong>tempus.</strong></span> <span class='ocrx_word' id='word_1_289' title='bbox 962 3089 1185 3151; x_wconf 71' lang='lat' dir='ltr'><strong>Freinshemius</strong></span> 
     </span>
     <span class='ocr_line' id='line_1_35' title="bbox 98 3153 1184 3237; baseline 0 -23"><span class='ocrx_word' id='word_1_290' title='bbox 98 3180 157 3236; x_wconf 79' lang='lat' dir='ltr'><strong>pro</strong></span> <span class='ocrx_word' id='word_1_291' title='bbox 180 3162 317 3234; x_wconf 84' lang='lat' dir='ltr'><strong>cujusque</strong></span> <span class='ocrx_word' id='word_1_292' title='bbox 333 3161 442 3215; x_wconf 84' lang='lat' dir='ltr'><strong>virtute</strong></span> <span class='ocrx_word' id='word_1_293' title='bbox 459 3161 624 3233; x_wconf 82' lang='lat' dir='ltr'><strong>praebuiffe</strong></span> <span class='ocrx_word' id='word_1_294' title='bbox 658 3163 789 3237; x_wconf 83' lang='lat' dir='ltr'><strong>legebat:</strong></span> <span class='ocrx_word' id='word_1_295' title='bbox 810 3161 890 3217; x_wconf 80' lang='lat' dir='ltr'><strong>Hinc</strong></span> <span class='ocrx_word' id='word_1_296' title='bbox 898 3178 963 3215; x_wconf 85' lang='lat' dir='ltr'><strong>cum</strong></span> <span class='ocrx_word' id='word_1_297' title='bbox 973 3165 994 3212; x_wconf 88' lang='lat' dir='ltr'><strong>t.</strong></span> <span class='ocrx_word' id='word_1_298' title='bbox 1004 3179 1030 3214; x_wconf 88' lang='lat' dir='ltr'><strong>e.</strong></span> <span class='ocrx_word' id='word_1_299' title='bbox 1041 3181 1067 3214; x_wconf 84' lang='grc' dir='ltr'><strong>ν.</strong></span> <span class='ocrx_word' id='word_1_300' title='bbox 1079 3153 1184 3229; x_wconf 78' lang='lat' dir='ltr'><strong>Scires·</strong></span> 
     </span>
     <span class='ocr_line' id='line_1_36' title="bbox 58 3227 1184 3305; baseline -0.004 -23"><span class='ocrx_word' id='word_1_301' title='bbox 58 3258 61 3265; x_wconf 95' lang='lat'>·</span> <span class='ocrx_word' id='word_1_302' title='bbox 99 3245 239 3291; x_wconf 87' lang='lat' dir='ltr'><strong>munera,</strong></span> <span class='ocrx_word' id='word_1_303' title='bbox 258 3229 321 3284; x_wconf 88' lang='lat' dir='ltr'><strong>aliis</strong></span> <span class='ocrx_word' id='word_1_304' title='bbox 336 3228 470 3292; x_wconf 83' lang='lat' dir='ltr'><strong>minore,</strong></span> <span class='ocrx_word' id='word_1_305' title='bbox 487 3228 553 3287; x_wconf 86' lang='lat' dir='ltr'><strong>aliis</strong></span> <span class='ocrx_word' id='word_1_306' title='bbox 567 3246 626 3285; x_wconf 84' lang='lat' dir='ltr'><strong>sna·</strong></span> <span class='ocrx_word' id='word_1_307' title='bbox 652 3232 741 3305; x_wconf 80' lang='lat' dir='ltr'><strong>feras</strong></span> <span class='ocrx_word' id='word_1_308' title='bbox 760 3241 873 3293; x_wconf 85' lang='lat' dir='ltr'><strong>autem,</strong></span> <span class='ocrx_word' id='word_1_309' title='bbox 898 3227 972 3283; x_wconf 80' lang='lat' dir='ltr'><strong>Heia</strong></span> <span class='ocrx_word' id='word_1_310' title='bbox 990 3246 1075 3294; x_wconf 88' lang='lat' dir='ltr'><strong>cum,</strong></span> <span class='ocrx_word' id='word_1_311' title='bbox 1092 3238 1124 3280; x_wconf 90' lang='lat' dir='ltr'><strong>ut</strong></span> <span class='ocrx_word' id='word_1_312' title='bbox 1141 3231 1184 3294; x_wconf 64' lang='grc' dir='ltr'><strong>ιε,</strong></span> 
     </span>
     <span class='ocr_line' id='line_1_37' title="bbox 100 3295 1183 3421; baseline 0.002 -73"><span class='ocrx_word' id='word_1_313' title='bbox 100 3299 178 3421; x_wconf 57' lang='grc' dir='ltr'><strong>ἔθνει.</strong></span> <span class='ocrx_word' id='word_1_314' title='bbox 206 3299 243 3350; x_wconf 91' lang='lat' dir='ltr'><strong>Ut</strong></span> <span class='ocrx_word' id='word_1_315' title='bbox 262 3314 299 3350; x_wconf 89' lang='lat' dir='ltr'><strong>ne</strong></span> <span class='ocrx_word' id='word_1_316' title='bbox 324 3295 440 3370; x_wconf 76' lang='lat' dir='ltr'><strong>quidem</strong></span> <span class='ocrx_word' id='word_1_317' title='bbox 465 3313 566 3353; x_wconf 86' lang='lat' dir='ltr'><strong>verum</strong></span> <span class='ocrx_word' id='word_1_318' title='bbox 589 3297 626 3369; x_wconf 80' lang='lat' dir='ltr'><strong>sit</strong></span> <span class='ocrx_word' id='word_1_319' title='bbox 661 3299 780 3373; x_wconf 58' lang='lat' dir='ltr'><strong>(pud.)</strong></span> <span class='ocrx_word' id='word_1_320' title='bbox 791 3300 853 3361; x_wconf 81' lang='lat'><strong>6,3.</strong></span> <span class='ocrx_word' id='word_1_321' title='bbox 867 3295 1046 3354; x_wconf 69' lang='lat' dir='ltr'><strong>Seslrdlruic</strong></span> <span class='ocrx_word' id='word_1_322' title='bbox 1059 3296 1183 3368; x_wconf 79' lang='lat' dir='ltr'><strong>Nepotis</strong></span> 
     </span>
     <span class='ocr_line' id='line_1_38' title="bbox 114 3361 1187 3442; baseline -0.002 -24"><span class='ocrx_word' id='word_1_323' title='bbox 114 3362 177 3418; x_wconf 88' lang='lat' dir='ltr'><strong>llud</strong></span> <span class='ocrx_word' id='word_1_324' title='bbox 200 3365 333 3438; x_wconf 77' lang='lat' dir='ltr'><strong>magnis.</strong></span> <span class='ocrx_word' id='word_1_325' title='bbox 353 3363 529 3424; x_wconf 85' lang='lat' dir='ltr'><strong>Schefferue.</strong></span> <span class='ocrx_word' id='word_1_326' title='bbox 547 3366 625 3422; x_wconf 72' lang='lat' dir='ltr'><strong>Voss&#39;.</strong></span> <span class='ocrx_word' id='word_1_327' title='bbox 661 3368 747 3442; x_wconf 81' lang='lat' dir='ltr'><strong>genio</strong></span> <span class='ocrx_word' id='word_1_328' title='bbox 765 3365 982 3439; x_wconf 78' lang='lat' dir='ltr'><strong>congruentius.</strong></span> <span class='ocrx_word' id='word_1_329' title='bbox 1000 3365 1102 3419; x_wconf 84' lang='lat' dir='ltr'><strong>Paullo</strong></span> <span class='ocrx_word' id='word_1_330' title='bbox 1123 3361 1187 3434; x_wconf 76' lang='lat' dir='ltr'><strong>poli</strong></span> 
     </span>
     <span class='ocr_line' id='line_1_39' title="bbox 100 3430 1185 3522; baseline -0.001 -36"><span class='ocrx_word' id='word_1_331' title='bbox 100 3436 136 3489; x_wconf 94' lang='lat' dir='ltr'><strong>B.</strong></span> <span class='ocrx_word' id='word_1_332' title='bbox 156 3433 243 3486; x_wconf 87' lang='lat' dir='ltr'><strong>etiam</strong></span> <span class='ocrx_word' id='word_1_333' title='bbox 262 3450 312 3488; x_wconf 90' lang='lat' dir='ltr'><strong>eos</strong></span> <span class='ocrx_word' id='word_1_334' title='bbox 328 3434 447 3508; x_wconf 67' lang='lat' dir='ltr'><strong>magis,</strong></span> <span class='ocrx_word' id='word_1_335' title='bbox 473 3443 503 3488; x_wconf 86' lang='lat' dir='ltr'><strong>et</strong></span> <span class='ocrx_word' id='word_1_336' title='bbox 526 3434 637 3506; x_wconf 47' lang='lat' dir='ltr'><strong>paullo,</strong></span> <span class='ocrx_word' id='word_1_337' title='bbox 659 3437 748 3522; x_wconf 64' lang='lat' dir='ltr'><strong>vulgo</strong></span> <span class='ocrx_word' id='word_1_338' title='bbox 761 3432 925 3506; x_wconf 83' lang='lat' dir='ltr'><strong>praesidiis</strong></span> <span class='ocrx_word' id='word_1_339' title='bbox 939 3431 1033 3495; x_wconf 85' lang='lat' dir='ltr'><strong>abest,</strong></span> <span class='ocrx_word' id='word_1_340' title='bbox 1052 3431 1138 3484; x_wconf 79' lang='lat' dir='ltr'><strong>aliam</strong></span> <span class='ocrx_word' id='word_1_341' title='bbox 1148 3430 1185 3485; x_wconf 88' lang='lat' dir='ltr'><strong>ab</strong></span> 
     </span>
     <span class='ocr_line' id='line_1_40' title="bbox 99 3498 1187 3576; baseline -0.003 -20"><span class='ocrx_word' id='word_1_342' title='bbox 99 3512 238 3574; x_wconf 86' lang='lat' dir='ltr'><strong>antepro</strong></span> <span class='ocrx_word' id='word_1_343' title='bbox 257 3502 401 3576; x_wconf 74' lang='lat' dir='ltr'><strong>egregia,</strong></span> <span class='ocrx_word' id='word_1_344' title='bbox 420 3501 551 3574; x_wconf 72' lang='lat' dir='ltr'><strong>egresia.</strong></span> <span class='ocrx_word' id='word_1_345' title='bbox 574 3501 625 3556; x_wconf 84' lang='lat' dir='ltr'><strong>vi·</strong></span> <span class='ocrx_word' id='word_1_346' title='bbox 659 3523 678 3558; x_wconf 92' lang='lat' dir='ltr'><strong>o</strong></span> <span class='ocrx_word' id='word_1_347' title='bbox 701 3505 778 3563; x_wconf 72' lang='lat' dir='ltr'><strong>tinais</strong></span> <span class='ocrx_word' id='word_1_348' title='bbox 794 3501 984 3561; x_wconf 80' lang='lat' dir='ltr'><strong>editionibus.</strong></span> <span class='ocrx_word' id='word_1_349' title='bbox 1009 3498 1067 3554; x_wconf 86' lang='lat' dir='ltr'><strong>Sed</strong></span> <span class='ocrx_word' id='word_1_350' title='bbox 1082 3499 1187 3569; x_wconf 56' lang='lat' dir='ltr'><strong>eratin</strong></span> 
     </span>
     <span class='ocr_line' id='line_1_41' title="bbox 99 3565 1184 3644; baseline -0.006 -20"><span class='ocrx_word' id='word_1_351' title='bbox 99 3569 325 3626; x_wconf 81' lang='lat' dir='ltr'><strong>demusaxboc</strong></span> <span class='ocrx_word' id='word_1_352' title='bbox 347 3569 561 3641; x_wconf 80' lang='lat' dir='ltr'><strong>locoverbum</strong></span> <span class='ocrx_word' id='word_1_353' title='bbox 581 3567 625 3641; x_wconf 80' lang='lat' dir='ltr'><strong>as·</strong></span> <span class='ocrx_word' id='word_1_354' title='bbox 692 3573 721 3628; x_wconf 81' lang='lat' dir='ltr'><strong>ff.</strong></span> <span class='ocrx_word' id='word_1_355' title='bbox 739 3574 814 3626; x_wconf 85' lang='lat' dir='ltr'><strong>Dan.</strong></span> <span class='ocrx_word' id='word_1_356' title='bbox 832 3581 861 3629; x_wconf 88' lang='lat' dir='ltr'><strong>et</strong></span> <span class='ocrx_word' id='word_1_357' title='bbox 876 3567 957 3626; x_wconf 88' lang='lat' dir='ltr'><strong>Leid.</strong></span> <span class='ocrx_word' id='word_1_358' title='bbox 994 3567 1098 3644; x_wconf 84' lang='lat' dir='ltr'><strong>Itaque</strong></span> <span class='ocrx_word' id='word_1_359' title='bbox 1120 3565 1184 3619; x_wconf 88' lang='lat' dir='ltr'><strong>diu·</strong></span> 
     </span>
     <span class='ocr_line' id='line_1_42' title="bbox 93 3634 1186 3709; baseline -0.003 -16"><span class='ocrx_word' id='word_1_360' title='bbox 93 3639 195 3705; x_wconf 83' lang='lat' dir='ltr'><strong>ficere</strong></span> <span class='ocrx_word' id='word_1_361' title='bbox 214 3649 243 3692; x_wconf 86' lang='lat' dir='ltr'><strong>et</strong></span> <span class='ocrx_word' id='word_1_362' title='bbox 260 3642 291 3694; x_wconf 89' lang='lat' dir='ltr'><strong>iu</strong></span> <span class='ocrx_word' id='word_1_363' title='bbox 305 3638 414 3693; x_wconf 84' lang='lat' dir='ltr'><strong>bonam</strong></span> <span class='ocrx_word' id='word_1_364' title='bbox 429 3649 459 3693; x_wconf 87' lang='lat' dir='ltr'><strong>et</strong></span> <span class='ocrx_word' id='word_1_365' title='bbox 475 3639 505 3709; x_wconf 81' lang='lat' dir='ltr'><strong>in</strong></span> <span class='ocrx_word' id='word_1_366' title='bbox 521 3637 626 3693; x_wconf 84' lang='lat' dir='ltr'><strong>melam</strong></span> <span class='ocrx_word' id='word_1_367' title='bbox 660 3639 718 3698; x_wconf 78' lang='lat' dir='ltr'><strong>tius</strong></span> <span class='ocrx_word' id='word_1_368' title='bbox 733 3639 861 3693; x_wconf 82' lang='lat' dir='ltr'><strong>exsulare</strong></span> <span class='ocrx_word' id='word_1_369' title='bbox 872 3646 931 3692; x_wconf 84' lang='lat' dir='ltr'><strong>non&#39;</strong></span> <span class='ocrx_word' id='word_1_370' title='bbox 946 3654 1007 3692; x_wconf 85' lang='lat' dir='ltr'><strong>sum</strong></span> <span class='ocrx_word' id='word_1_371' title='bbox 1017 3635 1122 3707; x_wconf 85' lang='lat' dir='ltr'><strong>pallus.</strong></span> <span class='ocrx_word' id='word_1_372' title='bbox 1134 3634 1186 3690; x_wconf 85' lang='lat' dir='ltr'><strong>Vi·</strong></span> 
     </span>
     <span class='ocr_line' id='line_1_43' title="bbox 100 3700 1230 3782; baseline -0.004 -20"><span class='ocrx_word' id='word_1_373' title='bbox 100 3707 460 3782; x_wconf 79' lang='lat' dir='ltr'><strong>partemaNolirosumi,</strong></span> <span class='ocrx_word' id='word_1_374' title='bbox 477 3722 542 3757; x_wconf 86' lang='lat' dir='ltr'><strong>narn</strong></span> <span class='ocrx_word' id='word_1_375' title='bbox 557 3723 625 3766; x_wconf 86' lang='lat' dir='ltr'><strong>eon·</strong></span> <span class='ocrx_word' id='word_1_376' title='bbox 660 3706 911 3765; x_wconf 86' lang='lat' dir='ltr'><strong>delnd.·Bosius.</strong></span> <span class='ocrx_word' id='word_1_377' title='bbox 946 3705 1069 3776; x_wconf 86' lang='lat' dir='ltr'><strong>Saepius</strong></span> <span class='ocrx_word' id='word_1_378' title='bbox 1083 3700 1187 3757; x_wconf 87' lang='lat' dir='ltr'><strong>modus</strong></span> <span class='ocrx_word' id='word_1_379' title='bbox 1227 3724 1230 3729; x_wconf 96' lang='lat'><em>·</em></span> 
     </span>
     <span class='ocr_line' id='line_1_44' title="bbox 100 3766 1188 3851; baseline -0.005 -21"><span class='ocrx_word' id='word_1_380' title='bbox 100 3787 148 3830; x_wconf 84' lang='lat' dir='ltr'><strong>tra</strong></span> <span class='ocrx_word' id='word_1_381' title='bbox 161 3777 191 3828; x_wconf 88' lang='lat' dir='ltr'><strong>in</strong></span> <span class='ocrx_word' id='word_1_382' title='bbox 206 3779 309 3832; x_wconf 87' lang='lat' dir='ltr'><strong>malam</strong></span> <span class='ocrx_word' id='word_1_383' title='bbox 323 3784 436 3851; x_wconf 81' lang='lat' dir='ltr'><strong>partem</strong></span> <span class='ocrx_word' id='word_1_384' title='bbox 456 3773 627 3830; x_wconf 71' lang='lat' dir='ltr'><strong>adhibuitin</strong></span> <span class='ocrx_word' id='word_1_385' title='bbox 660 3777 824 3835; x_wconf 83' lang='lat' dir='ltr'><strong>infinitivus</strong></span> <span class='ocrx_word' id='word_1_386' title='bbox 847 3793 904 3848; x_wconf 88' lang='lat' dir='ltr'><strong>pro</strong></span> <span class='ocrx_word' id='word_1_387' title='bbox 922 3770 1073 3827; x_wconf 83' lang='lat' dir='ltr'><strong>Gerundio</strong></span> <span class='ocrx_word' id='word_1_388' title='bbox 1090 3772 1130 3825; x_wconf 84' lang='lat' dir='ltr'><strong>&#39;in</strong></span> <span class='ocrx_word' id='word_1_389' title='bbox 1154 3766 1188 3825; x_wconf 87' lang='lat' dir='ltr'><strong>di</strong></span> 
     </span>
     <span class='ocr_line' id='line_1_45' title="bbox 101 3837 1187 3919; baseline -0.006 -19"><span class='ocrx_word' id='word_1_390' title='bbox 101 3843 268 3901; x_wconf 82' lang='lat' dir='ltr'><strong>Hannibale</strong></span> <span class='ocrx_word' id='word_1_391' title='bbox 284 3863 345 3918; x_wconf 89' lang='lat' dir='ltr'><strong>cap.</strong></span> <span class='ocrx_word' id='word_1_392' title='bbox 361 3845 391 3899; x_wconf 88' lang='lat'><strong>8.</strong></span> <span class='ocrx_word' id='word_1_393' title='bbox 410 3844 482 3898; x_wconf 89' lang='lat' dir='ltr'><strong>etin</strong></span> <span class='ocrx_word' id='word_1_394' title='bbox 498 3840 626 3911; x_wconf 80' lang='lat' dir='ltr'><strong>Regibus</strong></span> <span class='ocrx_word' id='word_1_395' title='bbox 659 3847 733 3919; x_wconf 86' lang='lat' dir='ltr'><strong>poni</strong></span> <span class='ocrx_word' id='word_1_396' title='bbox 753 3845 838 3900; x_wconf 88' lang='lat' dir='ltr'><strong>solet.</strong></span> <span class='ocrx_word' id='word_1_397' title='bbox 869 3842 970 3896; x_wconf 85' lang='lat' dir='ltr'><strong>Noster</strong></span> <span class='ocrx_word' id='word_1_398' title='bbox 994 3841 1023 3892; x_wconf 90' lang='lat' dir='ltr'><strong>in</strong></span> <span class='ocrx_word' id='word_1_399' title='bbox 1039 3837 1187 3910; x_wconf 82' lang='lat' dir='ltr'><strong>Lysandro</strong></span> 
     </span>
     <span class='ocr_line' id='line_1_46' title="bbox 51 3906 1187 3987; baseline -0.004 -20"><span class='ocrx_word' id='word_1_400' title='bbox 51 3932 75 3959; x_wconf 53' lang='grc' dir='ltr'>κ</span> <span class='ocrx_word' id='word_1_401' title='bbox 100 3930 167 3985; x_wconf 87' lang='lat' dir='ltr'><strong>eap.</strong></span> <span class='ocrx_word' id='word_1_402' title='bbox 180 3914 206 3968; x_wconf 81' lang='lat'><strong>3.</strong></span> <span class='ocrx_word' id='word_1_403' title='bbox 225 3911 297 3966; x_wconf 81' lang='lat' dir='ltr'><strong>dixit</strong></span> <span class='ocrx_word' id='word_1_404' title='bbox 315 3915 386 3987; x_wconf 68' lang='lat' dir='ltr'><strong>pari</strong></span> <span class='ocrx_word' id='word_1_405' title='bbox 407 3910 627 3983; x_wconf 53' lang='lat' dir='ltr'><strong>lethardum</strong></span> <span class='ocrx_word' id='word_1_406' title='bbox 660 3916 760 3986; x_wconf 61' lang='lat' dir='ltr'><strong>caud.</strong></span> <span class='ocrx_word' id='word_1_407' title='bbox 780 3911 856 3980; x_wconf 73' lang='lat' dir='ltr'><strong>iniit</strong></span> <span class='ocrx_word' id='word_1_408' title='bbox 867 3906 1006 3974; x_wconf 81' lang='lat' dir='ltr'><strong>coasilia,</strong></span> <span class='ocrx_word' id='word_1_409' title='bbox 1023 3927 1111 3983; x_wconf 80' lang='lat' dir='ltr'><strong>reges</strong></span> <span class='ocrx_word' id='word_1_410' title='bbox 1127 3907 1187 3977; x_wconf 76' lang='lat' dir='ltr'><strong>La·</strong></span> 
     </span>
     <span class='ocr_line' id='line_1_47' title="bbox 96 3975 1185 4057; baseline -0.01 -19"><span class='ocrx_word' id='word_1_411' title='bbox 96 3979 627 4057; x_wconf 78' lang='lat' dir='ltr'><strong>estLysimaclrusaSeleuco,quern</strong></span> <span class='ocrx_word' id='word_1_412' title='bbox 661 3981 927 4041; x_wconf 84' lang='lat' dir='ltr'><strong>cedaemoniorum</strong></span> <span class='ocrx_word' id='word_1_413' title='bbox 950 3979 1064 4034; x_wconf 80' lang='lat' dir='ltr'><strong>tollere.</strong></span> <span class='ocrx_word' id='word_1_414' title='bbox 1100 3975 1185 4048; x_wconf 74' lang='lat' dir='ltr'><strong>Virg.</strong></span> 
     </span>
     <span class='ocr_line' id='line_1_48' title="bbox 99 4047 852 4121; baseline -0.003 -14"><span class='ocrx_word' id='word_1_415' title='bbox 99 4048 242 4121; x_wconf 81' lang='lat' dir='ltr'><strong>loquendi</strong></span> <span class='ocrx_word' id='word_1_416' title='bbox 269 4049 386 4113; x_wconf 79' lang='lat' dir='ltr'><strong>modum</strong></span> <span class='ocrx_word' id='word_1_417' title='bbox 406 4049 535 4105; x_wconf 83' lang='lat' dir='ltr'><strong>latiffime</strong></span> <span class='ocrx_word' id='word_1_418' title='bbox 560 4047 626 4102; x_wconf 78' lang='lat' dir='ltr'><strong>illu.</strong></span> <span class='ocrx_word' id='word_1_419' title='bbox 659 4051 687 4108; x_wconf 79' lang='grc'><strong>3.</strong></span> <span class='ocrx_word' id='word_1_420' title='bbox 701 4052 775 4105; x_wconf 79' lang='lat' dir='ltr'><strong>Aen.</strong></span> <span class='ocrx_word' id='word_1_421' title='bbox 791 4052 852 4118; x_wconf 69' lang='lat'><strong>670.</strong></span> 
     </span>
     <span class='ocr_line' id='line_1_49' title="bbox 100 4107 1189 4184; baseline -0.004 -13"><span class='ocrx_word' id='word_1_422' title='bbox 100 4117 201 4178; x_wconf 82' lang='lat' dir='ltr'><strong>[travit</strong></span> <span class='ocrx_word' id='word_1_423' title='bbox 212 4120 311 4171; x_wconf 86' lang='lat' dir='ltr'><strong>Burm.</strong></span> <span class='ocrx_word' id='word_1_424' title='bbox 327 4117 363 4171; x_wconf 90' lang='lat' dir='ltr'><strong>ad</strong></span> <span class='ocrx_word' id='word_1_425' title='bbox 372 4118 494 4173; x_wconf 85' lang='lat' dir='ltr'><strong>Phaedr.</strong></span> <span class='ocrx_word' id='word_1_426' title='bbox 510 4137 536 4184; x_wconf 83' lang='grc' dir='ltr'><strong>ι,</strong></span> <span class='ocrx_word' id='word_1_427' title='bbox 550 4119 627 4181; x_wconf 59' lang='grc' dir='ltr'><strong>ὁμο.</strong></span> <span class='ocrx_word' id='word_1_428' title='bbox 702 4114 878 4179; x_wconf 84' lang='lat' dir='ltr'><strong>Verumubi</strong></span> <span class='ocrx_word' id='word_1_429' title='bbox 900 4111 986 4170; x_wconf 85' lang='lat' dir='ltr'><strong>nulia</strong></span> <span class='ocrx_word' id='word_1_430' title='bbox 1011 4110 1101 4167; x_wconf 83' lang='lat' dir='ltr'><strong>datur</strong></span> <span class='ocrx_word' id='word_1_431' title='bbox 1115 4107 1189 4167; x_wconf 71' lang='lat' dir='ltr'><strong>dee·</strong></span> 
     </span>
    </p>
   </div>
   <div class='ocr_carea' id='block_1_4' title="bbox 101 4183 1135 4264">
    <p class='ocr_par' dir='ltr' id='par_1_4' title="bbox 101 4183 1135 4264">
     <span class='ocr_line' id='line_1_50' title="bbox 101 4183 1135 4264; baseline -0.007 -16"><span class='ocrx_word' id='word_1_432' title='bbox 101 4184 214 4248; x_wconf 71' lang='lat' dir='ltr'><strong>lisdem</strong></span> <span class='ocrx_word' id='word_1_433' title='bbox 227 4185 333 4255; x_wconf 81' lang='lat' dir='ltr'><strong>modo,</strong></span> <span class='ocrx_word' id='word_1_434' title='bbox 352 4204 412 4264; x_wconf 82' lang='lat' dir='ltr'><strong>quo</strong></span> <span class='ocrx_word' id='word_1_435' title='bbox 426 4185 538 4261; x_wconf 77' lang='lat' dir='ltr'><strong>liolter,</strong></span> <span class='ocrx_word' id='word_1_436' title='bbox 554 4184 628 4245; x_wconf 82' lang='lat' dir='ltr'><strong>dixit</strong></span> <span class='ocrx_word' id='word_1_437' title='bbox 729 4194 813 4247; x_wconf 67' lang='lat' dir='ltr'><strong>mam</strong></span> <span class='ocrx_word' id='word_1_438' title='bbox 827 4183 975 4243; x_wconf 62' lang='lat' dir='ltr'><strong>dlectare</strong></span> <span class='ocrx_word' id='word_1_439' title='bbox 990 4187 1135 4257; x_wconf 77' lang='lat' dir='ltr'><strong>potestas.</strong></span> 
     </span>
    </p>
   </div>
   <div class='ocr_carea' id='block_1_5' title="bbox 0 0 1310 4644">
    <p class='ocr_par' dir='ltr' id='par_1_5' title="bbox 0 0 1310 4644">
     <span class='ocr_line' id='line_1_51' title="bbox 0 0 1310 4644; baseline 0 0"><span class='ocrx_word' id='word_1_440' title='bbox 0 0 1310 4644; x_wconf 95' lang='lat' dir='ltr'><strong> </strong></span> 
     </span>
    </p>
   </div>
  </div>
 </body>
</html>
