2594 4644
327 732 391 798 ιο,
423 704 678 791 annonae
710 669 857 793 Boon

200 852 1008 981 ‘PRAEF4AT100

384 1090 385 1093 =
434 1080 755 1103 -ι--ι--μ--ιι-

148 1293 914 1510 ΪιΕεΤοιιε.

100 1690 200 1752 Nel
199 1693 288 1785 egeres'
311 1695 340 1749 iu
362 1689 408 1752 boc
423 1637 545 1769 uctstibul
539 1713 573 1766 o,
615 1709 683 1775 quae
699 1693 733 1754 de
754 1686 865 1773 propos
850 1711 889 1751 to
906 1691 995 1770 nostro
1007 1634 1116 1772 prolixe

63 1818 158 1858 cturur
176 1816 272 1871 eram,
305 1796 409 1878 partim
426 1812 560 1860 mercatur
577 1803 747 1874 imminens,
776 1820 822 1881 put
818 1799 950 1878 subinde
967 1818 1012 1856 anu
1013 1796 1116 1856 ltoeum

63 1925 144 1966 matus
169 1907 326 1984 intercipit,
362 1909 466 1985 partim
484 1924 518 1964 oa
518 1905 610 1965 letudo
629 1906 702 1987 fecit
722 1926 789 1982 mea,
831 1904 913 1990 Quo
925 1923 1068 1986 praeterea
1087 1919 1115 1962 et

63 2030 99 2099 ote
118 2007 294 2088 ueceffitatem
312 2011 376 2070 mibi
392 2014 523 2092 imponit,
546 2033 594 2086 ut,
617 2013 750 2094 quidquid
765 2013 812 2074 boc
825 2011 936 2093 epistolii
953 2011 1003 2088 est,
1027 2010 1115 2069 aliena

64 2135 114 2176 anu
137 2118 307 2176 exarandum
330 2122 376 2181 sit.
426 2118 471 2180 Sic
491 2125 578 2202 igitur
599 2135 655 2189 rem
674 2143 775 2180 omnem
792 2124 886 2201 paucis
904 2122 999 2198 accipe.
1046 2116 1140 2176 Cum‘
1208 2127 1217 2136 '

63 2219 128 2299 bbiuc
146 2227 284 2297 triennio,
310 2223 343 2284 ab
360 2222 522 2303 ornateffima
538 2245 565 2287 et
581 2224 804 2309 praestantrffimo
825 2230 910 2299 Viro,
935 2220 1113 2293 Christiano

63 2329 234 2402 boehmero,
257 2332 291 2390 de
304 2351 373 2390 ttooa
391 2333 507 2414 Nepotis
528 2335 657 2396 Editioae
673 2313 833 2393 adornanda
851 2333 1030 2414 compellatur,
1045 2351 1114 2390 artur

63 2435 116 2522 iud,
137 2440 211 2510 o'tio,
233 2455 312 2516 quam
326 2459 414 2512 terreae,
444 2438 645 2513 abundantior,
675 2445 704 2500 in
724 2461 764 2500 me
783 2438 950 2521 recepissem,
982 2443 1112 2520 optimum
1145 2436 1147 2440 ’
1182 2480 1188 2488 -

63 2543 197 2620 testimoni,
219 2548 248 2603 in
265 2558 297 2602 ea
311 2564 342 2603 re
359 2542 425 2604 baete
440 2550 512 2627 uiam
528 2524 662 2634 insistere,
697 2568 776 2629 quom
794 2547 951 2631 incidendis
962 2545 1109 2628 scriptori-

63 2667 83 2707 ιι
95 2654 214 2733 ιιιιὶιιιὶι
244 2652 303 2714 cL.
331 2655 402 2726 Ver,
433 2652 582 2714 Matthias
607 2657 837 2737 Berneggerus
861 2648 1109 2729 cumeruditt'ffimo

63 2774 141 2831 mero,
164 2759 216 2819 Jo.
234 2759 481 2833 Freinshemio,
509 2765 603 2841 primi¹
607 2760 731 2843 feliciter
752 2766 881 2821 inierant.
913 2759 1023 2840 ..Neque
1039 2762 1108 2838 enim

63 2863 140 2924 rebar
161 2886 252 2924 eorum
261 2866 370 2944 judicia
384 2864 399 2940 ,'
416 2871 463 2946 qui
473 2911 480 2941 ,
512 2888 570 2928 cum
582 2867 659 2927 aliud
676 2867 744 2927 nibil
759 2867 891 2941 habeant,
918 2867 1001 2946 ‘qtaod
1017 2869 1045 2925 in
1061 2864 1109 2926 boc

63 2972 150 3047 diruto
171 2968 271 3054 poffint
297 2973 506 3053 reprehendere,
538 2959 647 3036 nimiam
665 2975 834 3057 diligentiam
860 2972 1000 3055 accufimt:
1031 2977 1107 3053 quasi

63 3085 220 3161 uacuiqrearu
235 3072 301 3148 viiio
315 3083 389 3138 uerti
405 3080 508 3142 debeat.
552 3083 649 3168 Quare
663 3103 829 3164 quoscunque
842 3102 936 3140 norom
951 3083 1104 3143 annotatio·
1133 3098 1139 3106 ’

63 3210 90 3247 ιι
105 3186 214 3268 aliquid
228 3189 261 3245 in'
275 3185 345 3245 bunc
360 3187 655 3271 auctoremscripdffe,
670 3191 785 3277 fiiliicite
801 3184 961 3270 conquisivi,
984 3183 1102 3264 bocfiue,

69 3296 209 3378 seligerum
226 3310 264 3350 ‘ex
288 3290 426 3365 omnibus,
465 3314 532 3374 quae
556 3302 670 3357 maxime
690 3298 849 3376 illustranda
877 3299 981 3354 auctori
1010 3292 1101 3375 essent,

63 3403 168 3483 betaque
187 3405 216 3460 iu
234 3400 363 3482 fitrmom
377 3404 502 3480 perpetui
528 3402 718 3464 commentarii
736 3406 898 3486 redigerem*
938 3403 998 3463 Hoc
1016 3383 1104 3462 taurea

63 3509 196 3582 brimine,
235 3527 266 3566 ut
288 3497 349 3568 CC.
371 3507 437 3569 W.
466 3511 518 3571 Jo.
538 3510 640 3572 Henr.
666 3511 839 3585 Boecleri,
860 3511 997 3592 danique
1015 3509 1101 3572 Geb-

63 3618 114 3695 rgli
133 3618 262 3699 pleraque
279 3616 444 3690 retinerem,
467 3622 602 3697 exceptis,
633 3639 699 3700 quae
720 3617 911 3679 Gebhardus
930 3616 1102 3694 ibeestrarniae
1182 3632 1185 3640 ’

63 3731 134 3786 tiam
129 3723 256 3806 prolixe
265 3721 451 3809 congeptfemt
473 3747 487 3783 e
504 3730 598 3810 ceteris
615 3743 699 3806 pauca
713 3722 757 3806 firi
745 3701 801 3784 ium
817 3744 843 3782 et
855 3726 1101 3804 praecipuaexcer-

69 3832 219 3893 etu.Sed
239 3835 362 3911 quoniam
379 3851 434 3890 nou
450 3804 624 3907 dubitabam,
655 3831 688 3912 p
688 3852 739 3890 uta
756 3836 785 3890 iu
795 3828 907 3912 scriniis
917 3830 978 3908 fiais
987 3827 1102 3909 servare

64 3961 110 3999 ιιι
137 3939 246 4012 doctor,
287 3942 352 4042 quae
375 3920 481 4019 Nepoti
505 3935 593 4014 roostro
618 3958 713 3998 trovam
739 3936 824 3997 lucem
846 3936 957 4019 adferre
981 3938 1098 4022 poffiut‚

63 4046 151 4106 tedam
174 4064 222 4105 aut
246 4043 324 4130 ipse,
357 4062 405 4107 aut
421 4065 472 4127 per
493 4049 594 4132 amicae
607 4047 733 4116 conveni,
764 4039 875 4118 modeste
893 4051 1031 4129 rogitatu,
1069 4066 1101 4106 ιιι

63 4149 333 4234 opoJe'tummstrum,
363 4153 452 4236 quoad
466 4148 586 4234 pensent,
618 4167 665 4232 ope
680 4144 836 4229 condlioqoe
846 4149 994 4231 juvarem.
1039 4153 1099 4235 Ne·
