2594 4644
82 4028 87 4033 '
176 4017 206 4071 in
221 4036 302 4090 sequ.
323 4017 408 4087 Epist.
431 4020 616 4091 responsoria
626 4037 693 4088 pro-

87 266 90 277 '
173 274 209 355 ie
401 266 703 357 cononem
744 264 1017 328 nnrorts

171 496 269 583 ⁸qinom
318 487 350 534 et
398 472 587 583 antiquitate
637 471 792 555 generis,
843 484 876 532 et
922 470 1027 554 gloria
1074 469 1246 553 majorum,
1281 520 1288 529 .

171 679 234 734 scil.
263 677 468 731 convincemus
496 692 611 736 omnes,
639 675 689 748 qni
725 685 753 729 et
770 673 805 728 iic
823 672 858 729 de
877 674 1018 729 cacteris:
1035 676 1100 731 MS.
1120 673 1246 729 Bibule.

172 747 208 800 ah
230 747 341 799 Thurio
368 746 438 810 isto,
473 743 550 816 apud
577 754 690 800 veteres
725 744 808 798 Trin.
832 744 895 797 Vita
912 742 1065 803 Miltiadis,
1097 742 1164 795 Vita
1181 744 1249 796 The-
1273 764 1275 773 ·

171 816 258 869 etiam
283 832 341 866 non
362 829 575 885 usquequaque
593 813 690 865 honae
725 813 913 876 titilloclisetc.
950 808 1045 880 [eod.
1057 810 1187 885 Guelph.
1210 809 1248 863 De

171 882 258 946 fidei,
278 882 317 935 sie
336 879 507 944 discedunt,
534 891 566 932 ut
581 881 691 936 tutiora
725 878 894 949 Mettium]

161 951 690 1021 ,interimverioraquecousectentur.
761 943 1040 1018 Asztiejuitotcgeneris]
1057 947 1246 1020 Nonpolhun

172 1019 217 1072 An
236 1018 372 1071 existimat
390 1021 463 1072 Pete
474 1020 530 1083 ius,
557 1017 690 1071 Herodo-
727 1017 838 1071 audire.
853 1017 950 1072 virum
974 1013 1083 1070 doctill'.
1108 1015 1160 1089 qui
1178 1021 1246 1089 antif

168 1098 242 1149 tum,
259 1096 318 1138 tam
332 1090 480 1160 uulgarem
494 1086 555 1170 ipsa
566 1087 689 1142 celebri·
724 1106 797 1155 qutun
812 1086 841 1139 h.
861 1087 956 1158 l.,pro
974 1087 1052 1139 nobili
1070 1085 1131 1138 inte
1170 1095 1244 1139 reta·

171 1166 230 1211 tate
248 1154 444 1229 scriptorem,
473 1155 604 1225 ahosque
623 1155 688 1209 illo·
724 1156 821 1221 hatur,
841 1154 941 1209 duetus
955 1152 1129 1209 auctoritate
1169 1152 1244 1207 ervii

173 1241 237 1279 rum
261 1233 441 1296 temporum,
461 1225 575 1277 auctori
593 1223 689 1276 nostro
726 1223 761 1276 ad
779 1223 849 1275 haee
865 1221 986 1276 Aeneid.
1005 1240 1031 1275 n»
1051 1222 1165 1283 Antissa
1184 1222 1247 1275 Mea

83 1344 90 1357 ,
172 1310 232 1346 non
258 1291 372 1344 lectos?
408 1291 484 1354 Aut,
504 1287 535 1346 ἐξ
554 1291 690 1360 a'napen'-
725 1295 793 1344 tnbus
806 1310 861 1344 cum
874 1294 996 1343 excederet
1010 1292 1076 1343 urle.
1097 1289 1246 1345 Curenim

84 1364 87 1369 '
171 1366 452 1426 nazorescensem,
480 1360 509 1413 in
525 1371 582 1412 tam
601 1361 690 1424 clara,
725 1358 850 1414 nolimus
867 1359 956 1431 plano
978 1356 1140 1412 verborum
1159 1370 1246 1417 scum

170 1429 331 1498 uerbisque
359 1429 573 1500 exscriptillima
598 1431 690 1482 llcro-
725 1429 768 1480 uti
785 1426 822 1480 ad
837 1425 1025 1500 intelligenda
1043 1425 1190 1481 interiora
1204 1424 1246 1479 hi·

174 1496 235 1551 doti
258 1496 374 1551 historia
401 1507 477 1560 tum,
514 1494 629 1568 quando
656 1497 691 1549 de
725 1494 853 1549 lloriae?
870 1497 961 1559 Nam,
988 1505 1019 1548 ut
1036 1492 1188 1549 deheuco
1205 1503 1246 1549 ta·

173 1565 305 1619 Miltiade
322 1565 418 1617 nostro
431 1564 690 1629 commentabatur,
727 1580 825 1628 centn,
844 1562 880 1617 ad
893 1562 1022 1617 Codrum
1037 1561 1173 1616 referunt
1180 1562 1247 1617 Mil·

164 1634 232 1687 labi
243 1644 301 1686 tam
320 1632 478 1685 enormiter
489 1631 633 1704 potuille‘?
646 1632 692 1685 An
726 1631 812 1686 tiadis
820 1649 908 1705 genus
917 1643 1031 1685 veteres
1038 1630 1247 1704 quiquccerip-

174 1704 299 1755 Petamus
328 1718 388 1752 uon
417 1698 589 1752 recordatur
619 1701 692 1768 ejus,
726 1709 819 1765 tores,
839 1711 988 1755 auctorem
1006 1709 1084 1752 certe
1103 1715 1181 1763 eunt,
1200 1717 1248 1751 cu·

174 1770 253 1842 quod
274 1771 416 1823 Plinius
435 1771 461 1819 in
476 1766 691 1836 prooemdeno-
727 1769 770 1834 jus
796 1785 903 1823 nemen
928 1783 1046 1839 quoque
1072 1785 1130 1840 pro
1161 1783 1248 1839 argu-

174 1838 218 1891 vis
237 1836 366 1892 destinati
387 1835 486 1908 operis
511 1837 581 1889 tanti
600 1838 691 1911 scrip·
726 1847 823 1890 mento
841 1835 987 1890 vetustatis
1006 1845 1078 1890 erat.
1119 1837 1249 1889 Prover-

174 1905 440 1967 torihusallirmat‚
460 1904 693 1974 eosfemperinrc-
727 1905 778 1958 hio
808 1905 883 1957 enim
905 1903 1064 1972 dicebatur⁴
1087 1902 1249 1972 πρεσβύτε-

174 1977 214 2038 lus
233 1980 325 2028 cercius
344 1975 439 2038 aliquid
448 1974 501 2036 jeje
518 1976 693 2027 nllsturosese-
728 1989 780 2042 pos
796 1973 912 2041 πόὸρυτ
948 1969 1050 2026 Suitles
1067 1971 1250 2044 porcestriam

174 2044 248 2098 dere?
284 2044 329 2097 An
340 2041 447 2096 oblitus
461 2051 513 2105 est,
531 2052 589 2095 tam
607 2058 693 2114 saepe
729 2038 1005 2114 interpretatorem
1022 2045 1079 2094 τῶν
1097 2039 1177 2093 πάνυ
1192 2056 1249 2093 nu-

173 2108 693 2186 hocprofell'umahauctorenostro?
728 2111 836 2165 lasciv.
878 2106 959 2161 Idem
984 2114 1013 2160 et
1038 2107 1196 2178 Hesychius
1218 2116 1252 2161 et

174 2179 281 2243 Annon
298 2191 361 2233 toto
379 2177 478 2239 libro,
498 2188 526 2231 et
541 2179 571 2230 in
580 2178 694 2247 lingulis
729 2173 1251 2250 Tarrhaeus.1lluilratquoqueDio·

173 2245 233 2309 iilis
272 2242 463 2318 deprehendit
487 2246 694 2300 excellentibus
730 2247 867 2317 genianus
887 2246 1006 2298 Centur.
1024 2251 1058 2314 4,
1074 2246 1121 2366 hg.
1146 2261 1183 2314 7,
1189 2246 1252 2365 ἑὸ

100 2307 104 2317 ’
175 2315 317 2367 Graeciae
336 2312 426 2374 viris,
446 2329 531 2384 quam
551 2314 608 2366 alia
626 2314 694 2368 alia·
730 2312 1088 2386 operehdag.Graec.Sc
1109 2313 1175 2367 otti.
1217 2330 1251 2367 o·

175 2400 233 2454 que
247 2382 406 2435 memoriae
423 2378 540 2449 prodita
559 2381 632 2436 fine?
659 2385 695 2434 Et
728 2382 872 2437 bilitatcm
902 2397 973 2433 vero
1000 2382 1100 2436 Noster
1127 2381 1253 2435 minime

176 2469 235 2522 qno
243 2452 310 2503 loco
323 2449 491 2504 Cornelium
501 2450 598 2516 hahet,
610 2468 695 2523 quem
728 2451 888 2524 praeterit,
908 2465 993 2518 quam
1001 2449 1115 2523 generis
1123 2449 1252 2502 mentio-

139 2575 145 2582 ,
176 2535 275 2575 omnes
292 2518 363 2571 boni
383 2519 536 2589 magnique
549 2530 694 2584 erectores,
728 2537 765 2573 ne
783 2520 848 2572 latis
866 2518 1022 2572 indicatam
1039 2518 1119 2571 feeit.
1134 2518 1251 2571 navius.

176 2586 262 2641 etiam
280 2586 346 2639 fidei
367 2591 472 2653 ranila,
492 2588 542 2660 ipli
557 2598 636 2641 certe
646 2605 695 2641 ve·
728 2591 771 2640 De
797 2586 936 2641 Miltiadis
963 2596 1047 2658 gente
1075 2583 1253 2639 intricatiffi-

98 2703 101 2709 .
176 2663 253 2708 teres
287 2666 441 2727 tantopere
473 2657 621 2727 hucusque
650 2674 693 2708 su·
729 2673 805 2708 mum
821 2657 970 2726 negotium
985 2664 1045 2708 cst:
1080 2654 1252 2726 niultusque

177 2726 354 2795 spexerunt‘l
374 2724 451 2804 Quid
470 2742 539 2798 ergo
554 2724 568 2776 ἱ)
586 2724 693 2776 Diilen-
728 2726 758 2775 in
775 2722 944 2795 explicando
955 2723 1172 2774 coReinee'eius
1181 2720 1252 2778 fuit.

177 2809 239 2846 aum
257 2790 449 2847 demonstrare
460 2790 693 2862 petaviuspotem
728 2793 821 2917 guam
838 2791 914 2844 bene
934 2801 962 2845 et
988 2790 1132 2856 feliciter,
1159 2789 1252 2843 oileu-

178 2874 309 2911 errorem
328 2878 387 2914 non
409 2863 510 2934 potest.
546 2860 642 2930 Atque
661 2860 693 2911 tl.
747 2862 856 2924 unica,
876 2878 950 2930 quae
965 2858 991 2912 J.
1008 2856 1254 2932 llutgerfiusfuse

175 2925 236 2981 lum
254 2929 357 2980 scimus
378 2947 496 2996 omncs,
515 2941 544 2983 et
552 2931 692 2984 videmus.
730 2942 758 2984 et
774 2940 909 2981 accurate
921 2943 1010 3001 super
1022 2944 1056 2980 ea
1071 2943 1105 2981 re
1119 2924 1253 2999 disputa·

178 2994 261 3047 dave.
298 2995 382 3047 Abest
398 2999 472 3063 filius
496 3000 591 3052 ants.
611 2994 692 3049 Leid.
729 3000 772 3053 vit
796 2996 848 3049 lib.
870 2997 894 3050 1.
919 3001 957 3052 V.
976 2996 1009 3048 L.
1038 3013 1102 3069 cap.
1115 3014 1155 3049 ιι.
1171 2996 1256 3051 Baeh-

176 3061 251 3115 haud
272 3062 413 3116 absurdo:
434 3065 576 3138 inRegib.
592 3082 624 3120 ea
649 3082 693 3117 .1.
730 3087 782 3119 ner.
819 3062 899 3119 Adde
926 3063 1001 3119 Ubb.
1030 3063 1175 3117 Emmium
1199 3080 1252 3137 ap·

177 3132 271 3184 nctus
287 3131 412 3200 Hzstnspis
417 3135 491 3208 filius
507 3136 535 3185 in
547 3084 693 3187 Coeles,
729 3132 816 3209 pend.
847 3133 997 3206 genealog.
1028 3150 1058 3204 p.
1070 3150 1112 3200 29·
1149 3133 1257 3187 Genus

177 3198 212 3252 A.
225 3200 319 3251 Darius
332 3199 444 3267 Hirtnfjt
459 3202 556 3253 omilla
573 3218 647 3254 voce
661 3204 696 3266 fi·
731 3220 799 3258 sane
818 3220 834 3254 a
851 3200 949 3259 Codro
960 3201 1094 3257 similiter
1110 3201 1252 3255 nobilita-

177 3270 227 3319 lius
243 3267 499 3332 sedHirtnefimale
515 3268 574 3332 ibi,
593 3280 624 3321 ut
635 3286 694 3320 om.
730 3283 791 3326 tum
809 3283 861 3324 est.
897 3272 931 3323 ln
954 3269 1147 3344 proverbium
1172 3272 1254 3322 enim

177 3336 517 3408 niam-erhaperegrina,
535 3356 592 3407 pro
610 3337 696 3396 Htllo-
730 3340 803 3393 abiit
830 3340 908 3402 hoc,
936 3339 1118 3410 e'vysocsepos
1142 3338 1249 3408 κόὸρυ.

176 3409 228 3470 spis
247 3404 424 3477 descriptum
445 3405 560 3476 legitur.
591 3406 695 3460 Dehae
729 3405 933 3461 l'ideSuielam
944 3409 1064 3462 Centur.
1083 3407 1250 3477 7‚19.Dio·

178 3473 274 3545 Eltipfi
302 3471 470 3525 consulendi
487 3483 552 3526 sunt
574 3475 693 3528 Doctill.
730 3477 844 3547 genien.
857 3477 938 3529 Ceut.
948 3483 974 3544 4,
985 3480 1010 3537 3.
1021 3475 1150 3549 Apostol.
1164 3476 1249 3530 Ceut.

177 3542 294 3594 Munel.
312 3540 348 3592 ad
360 3542 465 3614 Hygin.
490 3541 549 3594 snb.
564 3547 593 3609 ¹4
604 3551 633 3594 et
649 3545 693 3598 81.
729 3563 755 3612 9,
768 3561 809 3611 27·
825 3543 934 3596 Revins.
956 3544 1123 3610 AdAjacem
1132 3544 1251 3597 referre

178 3619 206 3663 st
219 3607 255 3660 od
278 3609 408 3663 Lactant.
434 3613 519 3663 Narr.
537 3609 623 3663 Ovid.
641 3610 693 3664 lib.
731 3629 819 3683 genus
843 3611 979 3666 dicuntur
1000 3610 1136 3666 Mitiades
1155 3623 1184 3664 ct
1203 3612 1250 3668 Ci-

176 3681 202 3732 h.
222 3677 280 3730 sah.
300 3678 326 3731 3.
346 3689 375 3730 et
393 3681 430 3733 cl.
448 3680 557 3733 Duler.
578 3678 613 3745 ad
630 3679 694 3731 Flo·
729 3696 796 3731 mon
814 3698 871 3732 una
890 3699 953 3732 eum
972 3679 1122 3734 Alcibiade
1135 3681 1250 3735 et'l'hu·

176 3764 241 3799 eum
265 3743 323 3798 l.2.
351 3751 449 3820 cap.6.
478 3747 500 3814 l
523 3766 562 3814 ¹9·
598 3746 695 3799 Prima
730 3746 830 3846 cydide
855 3750 885 3801 in
912 3750 1037 3803 scholiis
1063 3745 1184 3802 Pindari
1211 3749 1249 3804 0.

176 3830 249 3866 vero
267 3813 404 3886 cujusque
415 3815 537 3889 Nepotis
547 3813 615 3866 libri
630 3831 693 3867 ver·
728 3819 809 3870 hem.
822 3836 846 3870 2.
859 3828 960 3887 'vs.19.
973 3816 1021 3871 sed
1030 3816 1065 3871 de
1074 3817 1251 3889 cognatione

174 3882 213 3935 ba
229 3880 343 3933 titulum
362 3886 416 3936 ell'e
429 3894 511 3954 putat
520 3882 585 3935 Joh.
596 3882 694 3935 schef-
729 3885 868 3938 Miltiadis
882 3896 909 3937 et
919 3883 1092 3957 Thucydidis
1104 3883 1250 3940 udilnler-

175 3950 322 4022 serusEp.
340 3952 365 4004 5.
386 3951 466 4006 odd.
486 3950 646 4012 neminum,
665 3952 696 4004 id
728 3963 826 4075 gretes
853 3971 884 4005 ac
909 3952 1111 4007 Marcellinum
1134 3953 1170 4008 de
1189 3955 1252 4008 vita

755 4019 978 4094 lmevdidispae.
993 4041 1016 4076 1.
1031 4033 1093 4075 ets.
1104 4022 1253 4097 uhipluru

174 4085 303 4141 bootem.
322 4087 694 4157 MS.Bernar‹l.protitulo
730 4089 765 4142 de
777 4076 916 4158 Miltiadis
935 4079 1002 4143 ortu
1013 4088 1127 4144 videbis
1137 4101 1250 4156 notata.

171 4148 308 4215 babetde
323 4156 465 4220 ruilliaco,
485 4156 520 4209 de
535 4159 695 4225 Themistocle
751 4157 983 4227 Glorinmajorum]
1000 4160 1126 4232 Propter
1144 4159 1257 4234 (μιᾳ.)-

171 4234 196 4266 s„
