2594 4644
158 206 241 259 narr
424 168 949 299 praeteritate.

133 401 227 499 'tut
253 356 456 490 uinaria,
499 402 589 477 san.
605 364 743 477 ‘costus
765 417 802 471 er
824 352 999 474 craesus
1020 352 1066 487 a,
1082 399 1154 513 rac
1175 398 1252 493 ,at-

159 526 322 599 ticnibus
344 525 590 626 Epistolarum
610 526 659 599 ad
687 523 897 622 Atticum),
935 512 1131 625 separatim
1154 541 1194 597 et
1216 548 1257 597 e·

159 668 359 723 narrarunt
390 650 586 748 'diligenter
618 649 844 743 Ernstiusstl,
880 653 1088 741 Gesncrus,
1120 645 1254 723 aliisi).

196 874 334 921 accurate
349 879 436 941 atque
453 862 604 921 emendate
619 863 732 920 edendo
746 866 928 938 praeclaram
943 881 1012 917 sane
1026 860 1173 919 Harleliuc
1184 860 1255 939 ope'.

195 951 260 991 ratu
278 933 396 1009 posuit,
414 953 474 995 non
494 945 592 987 tamen
611 935 757 1005 aequabili
781 934 891 1008 ubique
909 931 1060 1004 diligentia
1082 931 1254 990 contitutus

196 1003 258 1085 eil,
271 1013 303 1056 ut
320 1021 379 1058 non
394 1021 504 1077 paucos
520 1003 602 1055 locos
619 1003 766 1068 invenias,
786 1022 878 1075 quos,
896 1003 943 1055 vel
954 1018 975 1077 ¹a
991 999 1154 1073 Lambino‚
1172 1002 1221 1055 vel
1236 1017 1256 1057 a

195 1072 280 1124 Boho
291 1089 447 1144 perperam
457 1079 594 1137 mutatos,
614 1072 713 1124 Novus
724 1069 828 1124 Editor
837 1072 959 1124 intactos
968 1069 1151 1142 relinquere,
1209 1068 1256 1123 arii

195 1137 233 1192 ed
247 1150 381 1192 veterum
402 1140 547 1194 librorum
571 1138 773 1193 enormitatem
795 1156 937 1193 revocare
960 1135 1131 1192 meluit-V.
1155 1134 1254 1193 toth.

24 1254 29 1262 ,
117 1228 120 1233 ’
198 1229 223 1272 r,
239 1224 261 1260 ι.
279 1208 419 1280 Thrasyb.'
432 1211 459 1276 4,
477 1224 502 1260 a.
517 1208 585 1265 Dio.
599 1208 627 1271 6,
643 1208 669 1262 3.
689 1208 823 1280 Epamin.
841 1209 868 1272 3,
887 1227 910 1261 ι.
927 1208 999 1276 Rege
1018 1225 1043 1269 1,
1059 1223 1086 1259 a.
1101 1205 1167 1261 Cat.
1184 1226 1210 1275 ι,
1226 1224 1253 1261 a.

196 1276 285 1329 Attio.
303 1292 330 1347 9,
348 1295 373 1330 a.
393 1287 449 1331 etc.
469 1275 547 1341 Sed,
566 1285 598 1329 ut
613 1278 643 1328 in
659 1275 842 1330 emendando
863 1277 995 1331 Cornelii
1011 1284 1091 1329 textu
1106 1291 1166 1327 non
1178 1292 1211 1331 se
1241 1308 1253 1321 -

124 1394 128 1403 ,
218 1361 252 1396 er
273 1344 343 1397 satis
359 1343 526 1418 diligentem
544 1362 575 1398 se
591 1344 734 1400 Harlefius
751 1344 917 1419 praestitit,
964 1344 1003 1398 ita
1031 1343 1062 1395 in
1089 1341 1217 1397 adnotari
1238 1360 1257 1399 ι

126 1410 130 1419 '
193 1361 491 1468 hodonis-varietate
513 1412 659 1467 interdum
682 1431 741 1466 non
760 1412 977 1483 diligentiorem
990 1404 1156 1466 Fischcrum
1171 1412 1272 1467 luisse.

196 1480 400 1569 cognovimng.
418 1484 477 1536 Nos
503 1493 601 1551 certe,
626 1482 679 1553 qui·
702 1481 861 1545 Codicum,
886 1481 922 1533 ab
947 1481 1012 1535 aliis
1035 1478 1255 1547 consultorum,

195 1559 226 1603 ct
243 1549 462 1621 antiquiorum,
488 1567 676 1622 quascunque
695 1550 781 1604 nohis
806 1548 910 1604 videre
930 1544 1072 1621 contigit,
1092 1544 1258 1602 editionum

194 1615 352 1672 lectionem
376 1618 472 1672 denuo
490 1631 625 1671 accurate
648 1619 890 1684 examinavimus,
916 1628 954 1672 ct,
968 1619 999 1670 in
1013 1615 1142 1686 ,exempli
1164 1616 1257 1671 nestri

194 1683 326 1756 margine
337 1686 520 1749 notavimus,
540 1687 858 1741 variarum‘leetionum
873 1688 1095 1747 collectionem,
1114 1684 1257 1740 aritote-

194 1773 231 1808 νο
251 1752 406 1813 institutam
415 1789 432 1822 ,Ι
442 1755 507 1827 plus
528 1753 661 1810 ducentis
675 1755 749 1809 locis
764 1757 811 1809 vel
826 1773 954 1809 mancam
972 1754 1021 1808 vel
1033 1752 1166 1821 vitiosam
1183 1757 1265 1837 pro-⁵

36 1808 41 1815 ¹
135 1864 137 1869 <
193 1818 330 1876 nuntiare
347 1841 406 1877 non
422 1823 597 1879 dubitamus.
624 1823 722 1878 lllultis
737 1823 787 1876 ille
806 1825 878 1878 locis
895 1824 1057 1877 nullam·ex
1076 1821 1256 1892 antiquiori·

74 3478 117 3497 ν
189 3457 240 3512 nio

187 1884 248 1945 bris
272 1888 338 1945 edd.
352 1891 522 1946 varietatem
543 1893 707 1965 adscripsit,
727 1891 778 1943 uhi
800 1890 829 1944 id
850 1891 913 1945 lieri
937 1889 1057 1945 lectoris
1070 1891 1197 1945 maxime
1213 1890 1256 1943 in-

193 1968 325 2025 tererat,
342 1978 559 2032 nonnumquam
577 1979 623 2013 cas
644 1979 659 2012 c
679 1960 764 2012 libris
784 1961 842 2014 suis
862 1959 1004 2014 lectiones
1020 1957 1162 2032 protulit,
1183 1974 1255 2033 quat

193 2045 248 2082 nos
275 2026 305 2079 in
323 2027 428 2082 iisdem
445 2030 600 2100 exemplis,
621 2028 780 2101 diligenter
803 2027 955 2098 inspectis,
974 2045 1034 2080 non
1056 2024 1254 2109 deprehepdi·

193 2113 268 2149 mus.
287 2095 374 2172 Quod
397 2099 502 2151 mirum
544 2098 659 2150 refecto
682 2094 769 2147 nobis
787 2097 890 2150 accidit
909 2099 939 2150 in
956 2114 991 2150 co
1011 2095 1095 2159 viro,
1114 2093 1166 2166 qui
1191 2094 1254 2149 inli-

193 2164 264 2217 nitio
282 2164 426 2229 locisvel
443 2164 500 2218 levi
527 2182 601 2218 imos
623 2180 780 2234 operarum
804 2181 922 2220 errores
941 2182 957 2218 e
976 2159 1062 2216 libris
1081 2166 1141 2218 suis
1163 2161 1253 2217 edne·

194 2230 298 2285 tondes
314 2233 438 2304 putavit.
459 2235 611 2297 Tertium,
632 2230 711 2303 qttcd
730 2230 763 2285 in
777 2231 972 2287 Fiscbcrianis
992 2231 1129 2303 exemplis
1145 2231 1251 2285 merito

194 2297 356 2363 desideres,
377 2299 449 2352 illud
473 2301 525 2364 est,
546 2300 627 2372 quod
645 2299 845 2370 compluribus
863 2303 994 2356 Viterum
1018 2299 1152 2353 Cornelii
1176 2300 1251 2353 lecit

133 2365 153 2399 ‘⁶
194 2366 277 2421 Bosii
289 2366 552 2422 animadversiones
562 2402 571 2434 ,
581 2369 620 2421 in
638 2367 745 2440 quihus
757 2371 944 2440 superiorum
954 2370 1152 2438 interpretum
1163 2379 1250 2433 notae
1275 2394 1289 2407 ·

193 2436 242 2488 vel
265 2437 488 2501 confirmantur,
509 2438 557 2490 vel
579 2438 698 2493 uberius
716 2437 913 2508 explicantur,
933 2438 979 2490 vel
1001 2439 1088 2489 ctiam
1109 2436 1248 2491 refellun-

192 2514 260 2568 tur,
278 2501 449 2575 adscripsit,
466 2505 535 2571 has,
562 2506 628 2567 sinc·
643 2505 749 2579 quihus
769 2508 912 2560 Rosiauae
928 2505 1008 2557 nullo
1025 2522 1147 2576 prorsus
1161 2502 1250 2567 mode

192 2571 318 2645 intelligi
334 2575 458 2645 potsunt,
477 2573 538 2625 non
552 2575 700 2646 apposuit.
719 2576 756 2628 t'.
774 2573 899 2627 Miltiad.
920 2593 942 2637 1,
961 2574 987 2627 5.
1002 2591 1026 2626 c.
1043 2574 1070 2636 3,
1086 2575 1111 2628 3.
1128 2575 1250 2627 Eumen.

82 2709 84 2712 y
194 2641 236 2705 re,
261 2658 282 2693 t.
300 2640 388 2697 Attio.
403 2660 430 2712 9,
451 2660 482 2695 a:
497 2650 552 2696 ete'.
570 2670 606 2685 —-
623 2645 712 2697 Corn.
729 2644 802 2714 Nep.
821 2643 908 2696 Vitae
925 2660 985 2694 cxc.
1002 2642 1071 2715 imp.
1088 2658 1153 2695 cum
1170 2640 1249 2695 libro

160 2764 170 2768 ,
192 2708 334 2783 singulari
351 2709 386 2763 dc
402 2711 462 2764 vita
474 2713 508 2764 T.
524 2712 668 2784 Pompon.
682 2711 783 2764 Attici.
802 2714 835 2763 lu
851 2709 1034 2764 commodum
1051 2708 1195 2763 liiidiosae
1210 2710 1249 2780 iu·

191 2777 318 2830 ventutis
339 2780 531 2852 recognovit,
550 2780 676 2834 vitarum
692 2778 826 2833 ordinem
840 2797 941 2832 verum
960 2778 1100 2832 reducere
1118 2777 1248 2841 instituit,

190 2842 441 2900 introductionem
457 2848 492 2901 de
508 2849 638 2901 auctoris
653 2849 728 2908 vita,
750 2848 884 2919 scriptis,
902 2858 931 2901 et
947 2866 1000 2898 usu
1015 2857 1146 2911 agentem
1163 2862 1249 2918 prae·
1282 2902 1285 2907 ,

190 2912 288 2978 misit,
306 2925 390 2969 notas
404 2916 521 2969 criticas
537 2915 575 2968 ad
587 2918 696 2977 ,calcem
709 2915 816 2980 adjecit
836 2917 939 2971 Frons.
952 2916 1054 2972 Nicol.
1067 2915 1151 2970 Titne
1159 2948 1169 2982 ,
1187 2911 1249 2966 hh.

188 2981 246 3035 LL.
267 2992 297 3034 et
320 2982 526 3054 Philosophiae
546 2988 676 3048 Ductor,
695 2984 888 3039 Historiarum
903 2987 932 3038 in
951 2985 983 3038 C.
1002 2986 1037 3039 R.
1058 2981 1250 3038 t‘ntverttute

189 3050 328 3123 Pragensi
347 3052 495 3106 Professor
509 3053 591 3122 publ.
609 3053 673 3107 ord.
695 3055 787 3122 Regni
804 3052 963 3108 Boliemiae
979 3050 1248 3124 Historiographue.

189 3118 302 3190 Pragac
316 3118 347 3171 in
360 3118 541 3193 bibliopolio
551 3122 669 3192 Caspari
685 3123 867 3179 Widtmaun.
886 3123 957 3177 18132
975 3123 1001 3174 8.
1015 3125 1136 3175 Textum
1147 3123 1250 3177 Stare·

189 3187 350 3241 rianuma.
376 3190 451 3256 ¹77³·
474 3209 537 3244 cum
562 3190 787 3276 Heusingeriana
812 3190 943 3244 editione
959 3189 1117 3261 diligenter
1134 3204 1252 3258 eompa-

189 3265 302 3320 ratum>
323 3254 373 3308 sed
390 3257 419 3309 in
436 3259 542 3331 primis
557 3259 694 3330 Longolri
709 3261 903 3316 recensionem
920 3269 1049 3311 secutum
1060 3259 1171 3321 scelle,
1190 3255 1254 3321 Tit·
1278 3258 1282 3265 '

190 3322 252 3375 aius
262 3324 426 3394 profitetur.
447 3326 493 3380 tt
505 3327 595 3380 Attici
608 3328 706 3383 Vitam
717 3327 925 3383 emendandam
937 3326 1006 3379 dirae
1023 3327 1156 3400 antiquas
1166 3327 1270 3382 editt-⁸

189 3387 226 3443 de
242 3391 348 3514 guibus
363 3410 430 3446 mox
444 3395 511 3450 adn.
528 3400 573 3465 qd.
590 3395 723 3468 dicetur,
746 3397 879 3452 adhibuit
894 3394 942 3450 vir
956 3395 1149 3463 doctissimus,
1170 3397 1251 3472 inge·

255 3458 356 3528 cille,
375 3460 425 3513 sed
445 3463 582 3519 audacter
603 3470 840 3538 nonnumquam,
858 3464 887 3517 in
909 3464 1154 3536 recognoscendis
1175 3467 1251 3521 Cor·

188 3528 261 3582 nelii
285 3527 362 3584 Vitis
381 3533 520 3587 versatus.
541 3537 583 3586 De
600 3534 654 3586 hac
676 3545 771 3588 autem
786 3536 911 3607 aliisque
927 3535 1145 3589 recentioribus
1157 3535 1248 3588 Corn.

188 3596 263 3668 Nep.
282 3595 364 3651 editt.
392 3597 549 3674 diligenter
568 3604 688 3674 exponit
704 3605 771 3658 Car.
790 3603 871 3657 Frid.
892 3606 982 3657 lienr.
1001 3603 1250 3676 itlucglingius.in

189 3662 316 3719 Harlesii
328 3665 482 3747 supplem:
493 3669 530 3723 ad
541 3672 625 3725 brev.
642 3671 728 3726 notit.
741 3674 863 3726 litterat.
878 3674 962 3726 Rom.
979 3682 1055 3742 part.
1074 3675 1127 3727 lll.
1142 3693 1172 3744 p.
1187 3670 1248 3727 133.

191 3749 255 3805 sqq.
276 3744 305 3786 et
327 3752 358 3787 m
378 3734 590 3794 Additamentis
614 3738 650 3793 ad
673 3741 806 3797 Harlesii
824 3742 908 3795 brev.
933 3743 1020 3795 notit.
1045 3740 1136 3795 litter.
1159 3742 1247 3795 Rom.

189 3817 257 3873 Pssss·
271 3820 314 3873 29·
336 3819 401 3878 '‘tt·

156 3936 210 4013 91)
230 3935 299 4005 Ejus
324 3939 479 3995 Lectiones
504 3942 699 3997 cornelianae
725 3944 755 3998 in
780 3944 943 3999 Miltiadem
964 3946 1101 4019 leguntur
1120 3944 1150 3998 in
1166 3901 1247 3998 illius

134 4020 138 4033 ’
191 4006 398 4063 Miscellaneis.
412 4010 555 4079 Upsaliae.
578 4011 652 4081 1697.
666 4013 694 4068 8.
720 4033 751 4084 p.
774 4014 897 4068 1-58.
912 4014 1040 4071 Fischer.
1078 4014 1150 4068 Item
1168 4012 1273 4065 inli-'

82 4108 85 4117 ι
150 4155 154 4163 ¹
190 4074 263 4133 bre:
292 4075 338 4133 Jo.
358 4074 525 4155 Scheffrri,
543 4079 808 4153 argentoratensis,
828 4082 1001 4137 Lectionum
1016 4081 1249 4143 academicorum
