2594 4644
330 247 793 344 wwwm.
1045 298 1100 343 m

75 496 99 559 ia
116 495 246 558 laetam.
289 494 326 556 ld
338 515 375 571 re
394 514 471 555 vera
490 494 534 554 ita
552 493 634 565 elle,
655 470 926 559 hinc'atraverare
944 471 1006 574 jam
1018 493 1101 557 nihil

75 602 159 665 lecto
177 601 301 664 dubito.
322 669 323 672 Ἴ
347 602 383 662 Si
408 621 564 685 quaeras,
596 600 726 684 quando
746 613 832 662 tanta
851 601 985 662 mutatio
1005 599 1101 684 operi

75 683 1207 797 mmmmfflfflwfflmm‘

74 816 154 891 lini,
177 814 322 876 ethonis
344 813 426 875 adeo
449 814 635 877 auctoribus
652 811 867 896 inprospere,
901 816 988 899 quod
1008 835 1095 879 com.

75 925 149 988 titer
164 923 281 983 medium
299 921 462 1005 appellare
479 918 623 984 historici
645 921 772 983 solent:
795 942 876 1005 quo,
901 922 956 1006 qui
977 921 1097 984 litteris
1176 975 1177 979 ,

75 1026 282 1093 nediocriter
307 1027 402 1090 tincti
428 1027 546 1100 effert,
589 1029 680 1112 iique
705 1028 779 1092 lane
805 1047 899 1114 quam
915 1030 1033 1115 pauci,
1051 1030 1099 1092 nil

75 1153 137 1201 tter
157 1133 320 1199 Chronica
341 1132 500 1215 saperent.
544 1135 580 1197 si
598 1156 714 1220 roges,
738 1136 905 1220 quomodo
918 1134 1097 1199 acciderit?

75 1242 238 1315 tondeam,
261 1242 380 1326 partim
398 1241 649 1325 chronologiae,
672 1239 809 1305 cuiillis'
822 1243 1025 1327 temporibus
1042 1243 1097 1305 ad-

75 1351 94 1413 i·
107 1369 221 1414 omnes
238 1349 357 1422 client,
382 1350 437 1434 qui
452 1350 602 1433 legerent
620 1350 742 1424 libros,
767 1351 887 1435 quique
902 1351 1096 1426 scriberent,

75 1455 219 1539 [odenato
238 1467 366 1526 amore,
391 1477 455 1539 quo
470 1479 527 1531 se,
551 1458 699 1541 quisquis
716 1457 772 1519 ille
793 1471 883 1532 erat,
912 1459 964 1520 eui
986 1464 1095 1546 Nepo·
1136 1436 1142 1448 '

75 1565 121 1626 ric
145 1562 231 1625 liber
256 1562 450 1638 obvenerat,
484 1563 677 1625 laudabilem
705 1566 803 1625 etiam
821 1578 916 1649 atque
936 1552 1097 1634 eruditam

75 1692 139 1732 ram
156 1670 190 1730 in
207 1689 242 1730 se
253 1670 472 1755 lirl'cepturum
487 1672 641 1755 putabat,
665 1671 693 1731 si
706 1645 788 1732 illas
805 1671 845 1733 ad
862 1672 1093 1757 chronologiae

75 1797 112 1837 m
128 1766 270 1858 apposite
288 1776 390 1860 magia
408 1775 615 1861 disponeret3
638 1777 756 1859 partim
771 1776 941 1840 inscientia
951 1762 1091 1854 artificii,

83 1895 200 1950 auctor
222 1882 256 1943 in
270 1883 326 1945 suo
344 1903 445 1966 opere
462 1881 632 1943 condendo
655 1883 729 1944 usus
751 1897 838 1957 erat,
860 1887 1011 1971 quodque
1031 1886 1093 1968 (le-

75 1989 153 2053 timo
170 1991 310 2070 eventu)
332 1991 419 2050 nulla
441 2008 629 2075 quacunque
648 1989 870 2051 immutatione
879 1992 1092 2054 inductaabo·

78 2097 216 2183 prorsus
231 2110 370 2179 poterat.
414 2101 487 2159 Non
512 2096 598 2179 enim
615 2100 726 2180 Nepos
752 2097 787 2158 in
811 2097 863 2159 his
882 2099 980 2172 vitis,
1004 2082 1094 2160 abida

75 2203 142 2265 lam
157 2200 372 2288 posteriorum
389 2201 625 2264 Chronistarum
648 2201 834 2288 diligentia,
856 2204 891 2267 id
907 2218 1095 2290 egeratput
1189 2261 1196 2270 .

75 2310 148 2372 ‚otis
163 2308 371 2391 imperatoris
390 2308 473 2369 faeta
488 2324 521 2371 et
531 2331 640 2372 mores
656 2334 673 2372 a
690 2313 796 2397 prima
808 2312 974 2393 juventute
992 2311 1032 2374 ad
1042 2313 1092 2375 ti-

75 2417 195 2478 exitum
213 2415 307 2476 anxia
330 2435 406 2476 cura
422 2416 462 2475 ad
472 2412 578 2478 annos
600 2412 787 2500 dig‘ereret3
809 2418 865 2485 sed
886 2418 967 2480 illud
980 2419 1093 2513 potius

75 2543 100 2585 ie
115 2521 275 2603 habebat,
296 2522 444 2605 deligere
462 2543 502 2583 ex
518 2522 660 2604 cujusvis
676 2524 908 2607 imperatorum
918 2503 995 2612 vita,
1011 2546 1093 2609 quae

75 2627 265 2722 propositum
287 2630 375 2692 suum
399 2631 598 2713 pertinentia
618 2632 756 2692 maxime
782 2626 993 2696 arbitraretur
1000 2653 1011 2710 3
1043 2631 1101 2694 se·
1145 2612 1147 2617 ,

75 2759 144 2823 gare
162 2722 247 2831 'vpro
273 2749 368 2819 atque
396 2734 468 2798 data
491 2756 590 2820 opera
613 2739 755 2800 transire
778 2753 910 2810 cuncta,
946 2760 1028 2822 quae
1053 2738 1093 2800 ad

78 2847 197 2907 ‚minus
216 2842 390 2904 macellaria
412 2842 612 2906 viderentur.
655 2848 693 2906 ln
711 2844 767 2906 tali
784 2843 896 2906 labore
916 2865 981 2905 non
998 2860 1092 2930 pute·
1141 2830 1176 2909 ⁴.

75 2953 200 3014 auctori
227 2972 293 3012 non
322 2948 716 3034 praeberi'quaudoque,
751 2963 820 3010 tum
845 2949 1089 3024 inordiendis,

84 3059 119 3121 in
137 3055 290 3121 finiendis
312 3057 477 3119 nonnullis
495 3058 588 3131 vitis,
611 3072 679 3118 tum
694 3075 775 3118 tero
792 3056 825 3117 in
841 3056 990 3138 partibus
1009 3078 1089 3140 ope-

75 3164 249 3246 majoribus
266 3162 404 3226 inter‘se
421 3163 672 3235 connectendis‚
697 3152 939 3246 opportunitaS,
963 3183 1025 3249 qua
1039 3158 1095 3223 ar)
1201 3193 1204 3199 ·

75 3294 97 3333 a
112 3263 249 3347 formam
265 3271 376 3354 operis
395 3269 723 3353 admirationemque,
746 3284 782 3331 ut
799 3287 869 3330 eam
881 3269 976 3333 initio
986 3282 1095 3333 mente
1179 3352 1182 3357 ἱ
1206 3343 1210 3351 ¹

75 3380 217 3464 tepiffet,
241 3378 374 3440 indiciis
388 3376 578 3460 quibusdam
589 3376 747 3458 aperiret,
766 3377 1092 3462 constitutionemque

75 3509 166 3549 arum
183 3488 334 3572 partium,
357 3481 507 3545 industria
530 3481 675 3566 quadam·
694 3485 742 3545 sic
759 3482 1002 3570 compofitarum
1016 3490 1094 3567 pro-

75 3608 109 3657 tt.
152 3593 356 3690 Quibus-ille
378 3589 502 3662 ordinis
522 3603 723 3674 permutator
739 3590 821 3652 nihil
836 3591 1005 3664 adversis,
1030 3589 1098 3689 dia-

75 3700 322 3783 ;incogitanter
343 3696 487 3759 membra
506 3698 656 3781 corporis
686 3697 730 3758 ita
754 3697 910 3781 aptillime
935 3697 1025 3771 fieti,
1060 3711 1101 3760 ut
1127 3714 1132 3728 ‘

89 3826 315 3892 quamcunque
341 3806 435 3867 aliam
468 3805 584 3866 factam
617 3799 879 3890 compositionem
899 3827 964 3867 non
991 3805 1095 3889 pollet
1157 3865 1163 3885 x
1226 3849 1230 3857 ,

83 3911 277 3977 monstruosi
297 3911 376 3998 quid
394 3910 495 3972 exire.
538 3913 578 3973 Ut
594 3913 697 3974 verbo
716 3911 830 3985 dicam,
851 3909 906 3972 ista
922 3926 1093 3973 metamor,

75 4022 110 4094 ti,
135 4041 228 4104 quam
243 4019 329 4082 liber
347 4021 401 4082 hic
412 4019 549 4104 Nepotis
564 4018 732 4105 perpessus
748 4014 802 4091 ell,
825 4021 1016 4103 accepimus*
1030 4037 1092 4080 tart.-
1183 4044 1186 4047 ·

75 4148 114 4188 em
130 4126 280 4215 quidem,
304 4149 398 4214 quam
414 4128 491 4189 olim
508 4140 595 4201 erat,
614 4147 682 4189 nou
694 4129 775 4188 idem.
877 4198 880 4208 Ι
