2594 4644
89 389 93 395 ,
151 331 212 394 aa
335 325 685 396 ·consaau
732 310 998 397 saroam

49 549 56 568 “
155 537 248 628 poris
286 536 497 619 dignitatem,
556 534 636 626 quaa
672 559 738 602 non
773 538 939 612 minimam
974 531 1247 620 commendatur}

153 662 282 726 magnas
310 657 480 732 practerea
516 643 645 709 divitias
682 666 700 707 a
725 657 818 732 patra
836 645 1003 719 ¹relictas,
1052 648 1139 734 'quas
1169 648 1239 734 ipse

113 748 280 834 ityranni
308 747 496 810 muneribus
524 763 664 814 auxerat.
722 753 801 815 Erat
829 752 960 815 intimus
989 752 1153 837 Dionysio
1174 754 1241 839 pri·

155 853 232 932 ori,
275 874 381 944 neque
417 853 528 921 minus·
559 848 696 946 propter
730 876 865 937 mores,
915 879 1008 945 quam
1036 856 1240 924 affinitatem.

154 1090 221 1147 buit
231 1089 332 1155 Dioni,
350 1089 677 1147 Lambinussatiscon.
712 1091 835 1145 Galbam
864 1090 1078 1156 destruxerant,
1114 1091 1242 1147 eratde-

155 1170 323 1215 sentaneum
348 1162 402 1213 else
435 1171 522 1233 nogat
552 1159 678 1213 aliorum
712 1160 1021 1215 formitas.Taeit11s1.
1042 1161 1243 1235 limi-Ipsa

156 1229 334 1304 scriptorum
351 1226 433 1282 fidei:
460 1229 509 1303 qui
529 1228 631 1282 durum
650 1238 680 1282 et
713 1237 799 1283 aetas
817 1227 932 1286 Galbae
946 1237 974 1286 et
987 1228 1098 1285 irrisui
1110 1236 1140 1284 et
1150 1229 1245 1301 sasti-

155 1296 296 1351 austerum
316 1297 463 1370 ingenium
483 1296 573 1353 Dioni
596 1296 678 1349 suilla
713 1296 764 1352 dio
781 1304 866 1364 erat,
885 1300 1013 1354 assuetis
1026 1295 1244 1371 juventaeNe-

155 1365 290 1419 afferunt.
316 1366 380 1419 lloe
397 1367 529 1440 quamvis
547 1367 586 1420 ita
596 1366 679 1419 tuille
714 1369 809 1431 ranis,
828 1375 857 1423 et
873 1368 1074 1439 Imperatores
1081 1365 1197 1437 sonna
1210 1384 1245 1423 ac

155 1433 316 1507 largiamur
329 1433 360 1486 in
372 1435 495 1502 ceteris3
516 1446 611 1489 tamen
628 1453 678 1488 eo·
713 1434 820 1492 decore
837 1437 971 1509 corporis
988 1435 1092 1497 (utest
1105 1454 1177 1491 mos
1186 1434 1243 1492 vul

153 1519 200 1556 mc
220 1513 249 1555 ct
270 1501 355 1556 facile
374 1501 430 1557 suit
455 1520 523 1575 erga
540 1503 678 1558 docentes
712 1505 766 1579 gi)
793 1503 1049 1574 comparantibus.
1076 1503 1182 1559 lustin.
1201 1506 1243 1569 ιδ,

154 1571 266 1647 ipsam,
295 1570 466 1643 praesertim
489 1587 558 1645 erga
579 1573 677 1626 Plato·
715 1592 740 1636 1,
758 1591 799 1627 ιο.
829 1572 892 1629 Sed
916 1593 969 1628 nec
991 1571 1085 1628 amici
1107 1571 1243 1628 Alexan·

152 1656 238 1703 nem,
258 1637 294 1692 ad
311 1638 453 1710 capienda
472 1638 509 1692 ab
533 1656 568 1692 eo
585 1639 678 1693 virtu·
714 1638 892 1711 drifrustro
906 1660 1035 1713 regnum
1044 1641 1243 1713 spectabant:

152 1706 519 1780 tumotvitaepraeeepta‚
536 1709 578 1762 uti
587 1705 680 1764 Plato
715 1728 788 1764 nom
808 1708 874 1781 ejus
889 1712 1006 1766 virtutis
1024 1727 1060 1763 ac
1074 1711 1242 1766 ueneratio·

77 1813 80 1820 ·
153 1777 265 1851 ipsein
289 1773 417 1847 epistola
437 1793 465 1844 7.
491 1775 527 1829 ad
544 1778 679 1848 Dionysii
715 1780 765 1833 nis
790 1786 892 1841 erant,
923 1788 955 1833 ut
974 1776 1115 1853 singulos
1144 1778 1244 1853 Reges

175 1864 210 1902 ro
234 1844 341 1916 inques
354 1845 477 1908 scribit,
504 1856 533 1898 et
556 1845 633 1899 infra
653 1866 679 1912 a,
714 1854 846 1920 putares.
867 1847 983 1922 Quippe
997 1864 1032 1903 eo
1041 1844 1243 1921 terracopul-

176 1955 184 1972 .
210 1863 311 1971 delier
325 1912 486 1967 confirmat.
506 1916 680 1971 Loccenius.
715 1914 855 1971 cbritudo
868 1924 898 1972 et
917 1915 1084 1989 proceritas
1107 1916 1243 1990 corporis

155 1988 208 2058 (p.
219 1983 301 2052 295.)
320 1981 679 2061 Quodl’latoepistolalr.
715 1984 749 2039 in
765 1984 905 2040 omnibus
912 1985 986 2057 fruit,
1006 1993 1047 2048 ut,
1070 1985 1121 2056 qui
1136 2002 1193 2040 eos
1200 1986 1243 2059 eg

157 2062 218 2114 ent.
235 2064 264 2106 ot
280 2049 464 2108 Plutarchus
479 2053 512 2110 in
529 2055 590 2108 uita
605 2051 682 2127 ejus,
717 2059 859 2119 assaret,
876 2073 936 2108 non
952 2073 991 2109 ee
1002 2071 1063 2108 una
1102 2059 1186 2117 ente,
1196 2049 1245 2109 sed

158 2142 195 2181 aa
211 2121 263 2176 lib.
282 2120 320 2176 de
333 2117 467 2177 discrtm.
485 2120 637 2179 adulator.
655 2129 684 2180 et
718 2139 757 2177 en
781 2128 844 2176 toto
869 2130 1019 2178 terrarum
1041 2069 1116 2178 orie
1136 2121 1244 2180 electos

152 2192 252 2249 xramici
279 2205 346 2260 pag.
372 2191 415 2258 69.
444 2192 634 2244 acerbitatem
655 2200 684 2243 et
712 2187 877 2264 judicaret.
898 2189 1081 2248 Gebhardus.
1211 2198 1236 2245 .’

81 2308 84 2315 .
158 2258 368 2315 contumaciam
402 2258 490 2311 Dioni
529 2259 682 2321 tribuunt,
772 2254 1033 2382 commendatur}
1054 2261 1105 2316 Sic
1130 2258 1197 2313 Ma.
1218 2266 1246 2312 et

156 2324 338 2404 poffisetde
355 2326 473 2397 imperii
490 2337 681 2401 ternporeae-
717 2325 783 2381 edd.
815 2338 885 2384 vett.
936 2328 1106 2384 Laminas
1150 2337 1245 2381 tamen

157 2399 259 2472 cipere
268 2417 277 2463 3
305 2411 364 2463 quo
382 2394 682 2467 etNolleroap.6‚5.
716 2398 851 2468 reposuit
871 2396 1078 2464 commendat3
1107 2397 1245 2451 alterum·
1285 2430 1288 2455 :

160 2483 226 2519 eum
243 2465 393 2522 inuidiam
410 2461 574 2519 acerbitate
585 2465 682 2538 oppri·
717 2480 774 2547 que
789 2463 861 2518 illud
877 2476 975 2518 natum
989 2476 1072 2537 putat
1085 2482 1121 2518 ex
1131 2464 1246 2538 ignora·

113 2587 116 2601 ,
159 2554 242 2592 mere
257 2533 406 2593 studuisse
422 2530 471 2583 ait.
501 2533 573 2586 lleic
588 2540 683 2585 autem
717 2541 798 2587 trane
816 2532 912 2587 verbi.
937 2532 1142 2590 Commendat
1160 2532 1246 2593 enim,

160 2602 197 2657 da
220 2603 338 2676 privato
355 2617 451 2655 sermo
468 2598 565 2655 luerit.
592 2601 683 2654 Dani·
719 2601 832 2671 inquit,
849 2601 913 2655 lnl.
931 2602 1024 2665 valet,
1052 2612 1161 2666 ornat,
1179 2598 1248 2653 facit

117 2700 119 2705 ·
160 2690 218 2742 que
259 2672 348 2736 omit,
368 2679 399 2723 ut
416 2679 481 2722 sunt
496 2668 580 2722 varia
594 2666 683 2722 inter-
718 2670 888 2733 amabilem,
907 2670 1150 2723 benevolentiam
1163 2679 1247 2742 atquc

161 2691 516 2808 dumirumanaingenia,
549 2733 621 2789 alibi
635 2755 684 2794 eo·
719 2755 848 2792 amorem
865 2739 1021 2793 conciliat:
1054 2749 1083 2792 et
1104 2735 1248 2793 subintel·

160 2812 234 2873 mis,
253 2810 323 2863 alibi
344 2822 484 2869 arrogans
503 2804 567 2859 elic.
631 2824 692 2857 uo-
719 2804 866 2877 ligandum
879 2808 916 2860 eli
929 2806 1077 2867 domines,
1095 2806 1248 2869 scauros,

161 2878 249 2934 modo
272 2877 565 2938 TacitoHist.1,1o.
583 2875 609 2928 3.
652 2892 684 2925 u·
721 2877 808 2945 idque
826 2875 921 2928 firmat
935 2875 1154 2948 qtsataorloeis
1172 2875 1249 2931 Cice·

163 2951 262 3004 cianus
279 2946 420 3007 lunaria,
440 2941 612 3003 industria,
637 2961 684 2996 eo·
720 2945 805 3001 ranis
811 2962 820 3008 3
840 2961 898 2996 uno
923 2959 938 2995 e
955 2943 1019 2998 Lib.
1035 2962 1058 2997 1.
1077 2940 1118 2998 de
1139 2941 1249 3001 Orato-

157 3015 287 3076 mitae,
307 3013 505 3087 arrogantia,
519 3011 686 3068 mixmsdi·
721 3033 770 3075 re,
795 3010 845 3063 ubi
871 3031 928 3066 uox
947 3013 1084 3068 monime
1107 3010 1250 3086 eloquen-

164 3087 250 3141 citur.
265 3084 384 3138 Rosius·
721 3081 1043 3146 tiamcommendare3'
1060 3081 1161 3134 altero
1176 3097 1211 3133 ex
1224 3097 1248 3133 a.

134 3198 137 3203 .
216 3153 357 3226 Corporis
381 3149 585 3224 dignitatem,
611 3166 688 3222 quae
726 3149 930 3220 Officiorum,
953 3150 1003 3201 ubi
1025 3147 1062 3202 P.
1088 3146 1209 3205 Rutilii
1219 3164 1251 3229 ⁰⁸.

163 3243 225 3281 non
249 3224 411 3282 minimum
438 3214 688 3282 commendatur]
723 3217 940 3274 dolescentiam
968 3215 1075 3272 domus
1090 3215 1132 3274 P.
1152 3215 1249 3272 Mucu

164 3294 307 3365 Corporis
324 3289 493 3360 dignitatem
510 3288 539 3340 in
557 3286 687 3361 regenti·
723 3284 950 3344 commendasse
963 3284 1072 3338 eliditur
1082 3304 1091 3351 3
1116 3287 1249 3341 tertioex

130 3394 133 3398 -
163 3358 219 3415 bus
234 3357 431 3416 commendari
457 3373 533 3431 apo
556 3359 606 3411 ulo
630 3367 688 3409 tra·
723 3357 862 3411 oratione
877 3360 945 3425 post
958 3352 1088 3409 reditum
1111 3354 1147 3406 in
1166 3367 1249 3408 sena·

163 3427 349 3484 latitiumest.
370 3377 686 3481 Tacisussdnnatsa.
722 3432 772 3490 tu,
806 3433 911 3494 quarto
937 3422 1036 3476 itidem
1063 3437 1078 3472 e
1108 3419 1201 3477 libris
1217 3417 1250 3472 de

165 3516 191 3551 a.
213 3499 286 3554 Cum
312 3496 362 3552 bic
385 3492 575 3552 nobilitatem
592 3491 687 3555 ducis,
723 3500 860 3560 oratore,·
887 3508 920 3543 ac
938 3499 1092 3564 praeterea
1112 3507 1177 3544 uno
1195 3487 1249 3547 llo-

165 3565 302 3623 decorem
320 3563 419 3626 alius,
437 3562 563 3638 plurimi
571 3564 688 3639 patien-
723 3564 798 3619 ratii
812 3580 835 3615 ι.
849 3561 943 3632 Epist.
955 3555 1248 3638 15.·Elegantiorelt‚

165 3637 259 3699 liam,
280 3636 463 3698 comitatem,
486 3655 538 3706 per
548 3633 629 3691 seria
636 3649 690 3704 per
723 3631 841 3692 fateor,
861 3631 931 3682 haec
947 3629 1055 3692 leet105
1085 3634 1116 3677 ct
1136 3623 1250 3698 praele-

159 3700 400 3779 jocoseumdem
420 3705 574 3768 animum,
592 3699 691 3756 laudi·
724 3717 786 3755 ram
804 3696 886 3770 ipse,
914 3697 937 3752 si
959 3694 1034 3752 MSti
1059 3690 1183 3749 codices
1206 3689 1249 3745 td·

167 3771 357 3841 bosserrent.
388 3771 464 3828 vide
479 3772 552 3828 ibid.
572 3771 688 3841 cap-73,
724 3766 860 3822 dixerint.
896 3762 990 3819 Potest
1006 3773 1103 3843 tamen
1121 3761 1250 3815 etaltera

167 3865 192 3899 a.
222 3842 359 3899 Eamdcm
377 3842 454 3894 inter
472 3840 689 3907 adjumentaes-
725 3835 809 3889 ferri.
827 3834 949 3889 Rosius.
981 3826 1063 3884 Laid.
1096 3824 1175 3899 [ax.
1199 3829 1249 3883 liu·

167 3931 198 3969 se
215 3927 340 3966 summae
354 3908 398 3964 rei
416 3907 631 3981 adipiscendae,
647 3921 688 3957 as·
723 3899 800 3974 Ula]
818 3903 897 3957 uotr.
911 3902 988 3955 d.B.
1006 3896 1247 3978 columendatur.

170 3983 241 4036 serit
260 3979 335 4032 idem
354 3998 401 4040 ιι,
423 3978 466 4042 ι8,
481 3996 506 4030 a.
541 3976 575 4029 de
596 3973 688 4029 sitio:
724 3972 750 4024 J.
767 3973 794 4025 J.
813 3966 1249 4038 Struelrtmeyeruslnb.ndns·

171 4052 257 4107 Nune
271 4047 407 4119 juvenem
423 4043 568 4108 nobilem,
589 4043 690 4116 ‹ligni-
723 4039 868 4094 madvcrs.
884 4055 948 4115 cap.
961 4055 1000 4092 to.
1017 4033 1090 4156 11¹3st
1105 4050 1249 4118 quaem!

168 4127 232 4174 tate
240 4120 381 4190 formae,
394 4109 543 4180 iuuenta,
566 4131 602 4166 ac
621 4131 689 4186 pro·
724 4110 886 4163 minimum
911 4120 1054 4185 commen¹
1072 4112 1148 4159 aaut.
1180 4104 1251 4156 Hea-

167 4189 277 4261 pinquo
301 4186 460 4242 consulatu
480 4179 522 4236 ad
538 4199 620 4253 spem
642 4199 690 4235 ac·
724 4175 850 4257 fiagerus
868 4174 916 4239 [3¹¹
938 4183 1007 4227 1¹⁰l³
1031 4170 1068 4223 ad
1084 4171 1115 4223 ¹¹·
1134 4173 1155 4226 l·
1175 4180 1205 4224 ‘i
1220 4165 1252 4221 δᾶ

140 4255 262 4330 ‘cingi
294 4254 330 4306 Et
353 4253 430 4311 inter
454 4260 587 4319 caetera,
608 4264 685 4324 quac
720 4245 782 4302 cn.
803 4242 888 4299 Offic.
913 4261 943 4307 1,
968 4240 1017 4304 tt,
1036 4256 1060 4297 ι.
1096 4236 1251 4317 legenda!
