2594 4644
402 278 863 360 rnsrrnours

88 412 90 417 .
118 401 1174 438 Μ

94 475 251 560 plurima.
283 486 363 544 Nam
381 480 422 549 de
445 485 602 546 Terentio
623 472 740 568 eglise,
772 511 812 551 ex
828 492 984 552 Suetonio
1008 491 1123 555 scimus
1142 493 1177 553 in
1221 539 1228 556 .

116 586 243 651 Terentii
261 590 347 664 rita,
369 593 499 653 Donato
516 612 688 678 perperam
703 596 887 676 tributa*).
930 597 981 660 Ad
1003 596 1083 659 hacc
1107 597 1180 680 pri-·

53 704 60 740 ⁵
109 715 180 757 mum
189 696 229 760 ds
239 698 305 760 vita
314 699 484 761 dicereris
493 700 611 760 librum
624 696 1177 797 Gelliuscitatlih.XV.c.XliVlll.
1239 766 1243 786 ἱ

76 878 79 886 ¹
106 803 211 887 quue
230 825 271 866 ex
295 826 396 889 opere
418 806 632 889 fragmentum
658 810 874 888 Hieronymus
899 806 994 870 affert
1019 807 1107 892 epist.
1137 809 1177 869 ad
1268 825 1269 829 ’

53 914 57 947 '¹
101 911 407 993 Pammachium**).
451 917 517 974 lmo
534 913 705 976 rerifimile
728 912 789 988 ett,
804 913 893 975 linde
913 914 976 985 elie
996 928 1064 976 tum
1080 915 1200 1005 vitaml

99 1020 135 1083 T·
170 1021 348 1104 Pomponii
381 1020 508 1095 Attici,
547 1010 769 1106 ‘quaex‘exstat
786 1011 812 1096 ,Ἰ
845 1036 912 1083 tum
949 1023 1046 1086 vitam
1074 1012 1176 1084 *Cato-

96 1127 165 1201 nis‚
211 1148 306 1211 quam
330 1125 396 1189 istis
424 1126 543 1189 claudit
565 1128 702 1213 verbisr
757 1110 852 1209 Hujus
887 1131 921 1191 de
947 1134 1006 1190 vira
1037 1151 1065 1189 et
1092 1119 1183 1200 triari-¹

95 1237 143 1297 bus
157 1236 244 1317 plura
262 1240 292 1295 in
307 1258 337 1295 so
353 1235 425 1296 libro
434 1236 570 1317 persecuti
581 1236 698 1327 stemus,⁸
716 1258 797 1317 quem
809 1236 957 1317 separatim
973 1236 1007 1295 de
1023 1257 1052 1294 eo
1062 1235 1179 1317 fecimus

94 1344 196 1424 'rogatu
215 1340 275 1401 Titi
292 1342 432 1422 Pomponii
452 1343 550 1403 Attici.
592 1340 691 1423 ,ᾧτινι
699 1341 835 1422 studiofirs
857 1345 968 1404 Catonis
987 1344 1023 1402 ad
1041 1343 1114 1402 illud
1130 1364 1178 1402 vc·
1217 1358 1221 1368 “
1277 1419 1280 1433 .

80 1446 186 1508 -lmnen
213 1447 375 1529 delegamus.
417 1446 541 1531 Aperte
562 1431 700 1520 indicit,
733 1469 773 1510 eo
796 1470 882 1519 nunc
901 1450 941 1512 dc
965 1451 1086 1512 Catone
1104 1422 1180 1511 lire·
1281 1444 1282 1461 ³

92 1553 168 1615 nius
195 1574 231 1615 se
258 1566 375 1635 agere,
396 1553 474 1636 quia
490 1551 659 1636 separatim
676 1553 717 1615 de
737 1556 852 1617 eodem
873 1555 1046 1640 scripserit.
1089 1558 1180 1639 Ergo

96 1657 162 1720 ‘vita
178 1657 235 1717 illa
251 1659 382 1720 Catonis
393 1702 405 1741 ‚¹
425 1680 519 1743 quarn
539 1645 648 1744 paucis
664 1659 871 1743 'perstrictam
886 1662 1059 1736 habemus,
1081 1661 1180 1742 rdajo-
1227 1676 1228 1680 ’

88 1765 144 1839 ,τίς
159 1786 239 1848 pars
260 1763 304 1826 est
317 1766 509 1840 voluminis,
532 1766 566 1825 in
587 1766 650 1848 quo
666 1770 884 1836 Romanorum
898 1770 1111 1852 complurium
1131 1768 1181 1830 vi·
1259 1801 1266 1849 '.

99 1884 148 1960 tae
168 1872 425 1946 continerentur.
468 1875 511 1932 Et
539 1892 616 1942 sane
639 1873 673 1932 in
695 1873 905 1957 antiquissimo
928 1874 1041 1936 codice
1064 1874 1182 1936 Oberti

102 1980 224 2042 Gifanii
242 1995 315 2042 ante
336 1979 444 2043 Vitam
467 1978 569 2040 Attici
592 1979 781 2062 legebantur
796 1979 883 2042 *haec
901 1981 1022 2043 verhai
1050 1983 1097 2041 Ex
1113 1976 1184 2039 libro

104 2087 224 2149 Cor-mlii
234 2085 352 2168 Nepotis
361 2088 395 2146 de
404 2087 512 2145 Latinis
522 2085 653 2164 historicis
664 2085 749 2166 ***)s
799 2063 944 2170 Reliquit
961 2086 1058 2149 etiam
1076 2106 1183 2147 exem-

134 2281 164 2318 sc
173 2263 348 2329 arbitratur,
360 2259 571 2314 convenienter
584 2257 709 2312 consilio
724 2277 777 2313 suo
792 2269 822 2313 et
831 2256 927 2314 dedita
937 2264 1037 2333 opeia,
1060 2280 1118 2336 quo
1129 2263 1185 2317 Ne.

133 2334 214 2404 potis
227 2342 328 2404 partes
346 2329 448 2382 melius
466 2337 615 2390 tueretur,
634 2328 797 2395 narrationi
808 2328 915 2381 intexta
926 2329 1007 2384 fuisse
1022 2330 1183 2384 contendit.
1219 2347 1225 2354 ·’

134 2407 168 2460 In
185 2418 243 2474 qua
258 2417 291 2453 re
308 2396 552 2453 doctiffimoriro
569 2396 696 2448 assentiri
716 2414 775 2449 non
794 2393 913 2468 possum.¹
932 2397 1090 2453 Theodosii
1109 2400 1185 2452 enim

134 2468 320 2543 temporibus
340 2483 404 2519 curn
420 2465 560 2519 libertate
578 2464 723 2518 libertatis
741 2465 827 2517 etiam
847 2466 943 2519 sensus
959 2465 1072 2536 dudum.
1086 2468 1126 2521 ita
1141 2485 1186 2520 ex.

135 2540 251 2594 liinctus
271 2547 351 2599 erat,
369 2544 402 2587 ut
419 2551 469 2601 ea,
489 2549 564 2606 quac
587 2532 660 2585 locis
677 2532 736 2586 illis
762 2533 966 2600 continentur,
985 2536 1087 2590 aetatis
1109 2535 1187 2591 istius

97 2658 99 2662 ,
135 2606 248 2662 homini
271 2621 308 2658 ne
330 2603 360 2657 in
379 2613 505 2656 mentem
523 2600 640 2674 quidem
656 2599 759 2653 venire
777 2602 898 2673 potuiffe
921 2602 1058 2670 judicem.
1084 2604 1188 2677 Itaque

138 2674 271 2733 Cornelii
287 2689 405 2725 menum
423 2682 452 2724 et
471 2671 500 2724 in
514 2671 558 2725 his
577 2669 790 2740 agnoscimus]
1077 2683 1081 2718 2
1175 2725 1180 2735 .

121 2745 152 2812 ⁶)
170 2741 271 2823 [Quae
285 2745 401 2814 Fragm.
419 2743 482 2812 cap.
494 2741 520 2794 6.
540 2756 618 2792 num.
632 2757 655 2789 1.
674 2747 702 2789 et
715 2752 741 2791 2.
756 2734 791 2789 de
804 2740 945 2793 Terentio
957 2749 1131 2805 narrantur,
1151 2738 1188 2794 ad

140 2831 203 2868 curn
216 2813 357 2868 Virorum
370 2807 527 2861 Illustrium
538 2807 659 2870 librum,
677 2823 736 2877 quo
748 2805 1135 2864 RomanorumaePoetorum
1144 2810 1187 2864 vi-

137 2892 183 2936 tae
205 2878 448 2942 continebantur,
475 2873 630 2936 referenda
652 2878 706 2928 effe
723 2873 870 2928 videntur.
896 2879 969 2931 Nam
991 2887 1020 2930 et
1033 2883 1188 2950 poetarum

137 2951 314 3004 mentionem
332 2964 348 2998 a
365 2945 505 3000 Cornelio
522 2946 628 2998 factam
642 2944 745 3006 soille,
766 2942 909 2998 credibile
926 2942 996 3016 ett]

79 3019 154 3086 ste)
173 3021 289 3092 [Quum
306 3015 403 3094 Nepos
425 3013 578 3068 Ciceronis
595 3013 684 3065 vitam
711 3008 824 3067 duobus
847 3015 996 3068 minimum
1015 3015 1102 3069 libris
1118 3008 1187 3069 con·
1282 3043 1285 3067 t

57 3128 59 3137 .
138 3078 309 3159 scripserit,¹
323 3085 489 3154 longiorem
506 3101 568 3134 eam
586 3080 668 3134 fuisse
684 3092 822 3154 apparet,
835 3100 929 3154 quem
946 3101 1020 3156 quae
1033 3083 1189 3159 Illustrium

137 3157 281 3210 Virorum
294 3152 443 3207 volumine
462 3149 597 3204 concludi
615 3153 755 3222 potuerit.
779 3151 880 3225 Itaque
895 3152 970 3204 hano
988 3154 1143 3224 separatim
1160 3170 1189 3206 e·
1248 3185 1250 3200 .

138 3224 246 3287 ditem,
266 3237 361 3293 neque
378 3233 472 3274 tamen
490 3238 549 3272 non
569 3217 734 3276 Oratorem
752 3219 825 3274 vitas
842 3239 859 3274 a
879 3220 1020 3274 Cornelio
1039 3225 1189 3275 enarratas

137 3293 224 3347 fuiffe
236 3307 352 3345 censeo.
372 3291 444 3343 Nam
460 3300 488 3343 ct
504 3305 559 3361 per
576 3305 620 3340 se
635 3299 735 3360 patet,
754 3289 895 3343 Oratores
911 3289 947 3341 ab
968 3305 1058 3361 opere
1075 3288 1127 3343 illo
1143 3308 1189 3352 ex-⁸

137 3360 216 3415 cludi
229 3378 289 3414 non
301 3358 435 3431 potabis,
456 3369 500 3421 et,
518 3358 569 3428 qui
584 3359 700 3431 Fragm.
719 3376 783 3431 cap.
799 3378 825 3428 9.
842 3376 920 3411 num.
934 3376 958 3410 2.
976 3357 1189 3431 legiturlocus‚

137 3429 174 3483 ad
190 3447 255 3483 eum
270 3427 401 3483 Cornelii
417 3427 533 3480 librum
542 3425 764 3481 commodillune
779 3429 927 3491 refertur,
947 3431 1005 3499 quo
1021 3426 1055 3480 de
1074 3419 1191 3482 Romal

138 3499 189 3554 nis
208 3496 392 3555 Oratoribus
407 3496 563 3568 exposuisse
588 3496 671 3558 illum
691 3497 879 3570 suspicamur.
898 3496 964 3547 Non
983 3495 1059 3548 enim
1082 3497 1190 3550 aliare

68 3621 71 3637 ,
137 3569 249 3640 magis,
271 3584 357 3639 quam
376 3563 492 3618 dicendi
510 3564 615 3629 laude,
633 3566 666 3620 C.
684 3567 832 3621 Gracchus
846 3564 1014 3624 excelluit]

91 3632 167 3702 '⁶**)
188 3638 240 3698 [In
254 3634 465 3708 Guelpherbyt.
486 3632 587 3686 codice
605 3645 671 3688 ante
690 3636 808 3689 Catonis
832 3635 921 3688 vitam
934 3633 1057 3704 legitur:
1079 3637 1189 3692 Execr-

61 3703 63 3708 ’
136 3714 255 3780 ptume
271 3702 351 3760 libro
371 3699 505 3759 Cornelii
523 3703 647 3775 Nepotis
664 3704 702 3759 de
719 3705 841 3759 Latinis
859 3703 1022 3761 historicis·
1045 3707 1125 3781 Quae
1145 3708 1188 3759 in-

136 3775 264 3847 scriptio
285 3791 373 3844 quum
395 3773 482 3826 Vitae
505 3771 596 3842 ipsius
618 3783 788 3846 argumento
813 3771 930 3845 egregie
957 3774 1113 3827 conveniat
1139 3774 1187 3837 (v.

132 3844 210 3899 Bos.
229 3842 267 3896 ed
283 3846 346 3899 Cat.
367 3840 470 3906 init.),
487 3840 576 3894 facile
594 3841 731 3895 alsentior
750 3840 876 3906 Velim„
889 3843 950 3899 dae.
971 3842 1053 3896 Frid.
1070 3842 1187 3895 Heuhn.
1280 3833 1283 3840 ’

139 3929 212 3983 gero
228 3922 257 3965 et
272 3911 398 3965 Rinelsio
408 3910 486 3982 ,·qui
503 3909 622 3964 Catonis
632 3909 720 3964 vitam
738 3907 774 3961 ad
788 3909 896 3963 librum
911 3907 948 3968 de
961 3912 1082 3966 Latinis
1096 3912 1189 3967 histo.
1214 3976 1216 3981 ⁴

137 3981 342 4052 ricisvpotius⁹
353 3996 438 4050 quam
449 3978 484 4033 ad
493 3978 691 4031 Romanorum
706 3979 1020 4049 Imperatorumvitas,
1032 3980 1188 4051 ‘pertinuis-

138 4066 171 4103 se
188 4049 313 4101 ce'nlent.
336 4046 395 4102 Sed
410 4044 552 4100 idemille
570 4045 661 4098 codex
677 4064 741 4099 cnm
758 4047 934 4114 Gifanien0‚
954 4049 1141 4114 Schottiano,
1161 4058 1190 4101 et

135 4114 291 4172 Pariliensi
309 4115 357 4180 (v.
375 4116 486 4170 Schott.
512 4111 548 4169 ad
565 4114 652 4173 Attio.
668 4115 732 4167 init.
753 4125 781 4167 et
796 4134 883 4187 snpra
898 4117 1024 4170 Praefat.
1046 4117 1111 4170 nrln.
1128 4118 1189 4186 27.)

136 4184 230 4242 Attici
246 4185 339 4250 vitam
360 4181 463 4240 eodem
479 4182 516 4240 de
532 4182 655 4239 Latinis
678 4183 840 4241 Historicis
853 4185 933 4242 libro
951 4185 1190 4260 comprehensam

1289 570 1293 597 l
