2594 4644
288 238 953 309 1V.'PAUSAN1As.cn.v.
1098 243 1154 324 167

532 691 640 755 CAP.
669 694 710 758 V.

168 874 234 935 His·
262 872 360 935 rebus
396 871 511 955 ephori
547 872 687 956 cognitis
724 871 821 934 satius
856 886 1073 955 putaverunt,
1125 871 1159 932 in
1184 901 1195 936 1

104 976 170 1039 urbe
196 998 270 1040 eum
298 975 537 1060 comprehendi,
580 978 653 1072 Quo
682 999 786 1062 quum.
807 991 916 1039 essent
935 978 1094 1060 profecti,
1127 991 1160 1038 et

99 1081 279 1156 Pausaniae,
335 1081 459 1164 placato
494 1080 639 1166 Argilio,
689 1096 724 1143 ut
750 1082 897 1165 putabat,
947 1082 1160 1143 Lacedaemo-

49 1176 53 1203 ἓ
97 1206 162 1249 nem
189 1200 431 1266 reverteretur,
473 1185 508 1245 in
536 1185 673 1259 itinere,
716 1208 813 1269 quum
840 1188 901 1268 jam
929 1190 963 1248 in
994 1208 1032 1248 eo
1061 1199 1159 1260 esset,

95 1305 127 1355 ut
152 1290 506 1375 comprehenderetur,
558 1310 576 1351 e
605 1292 695 1353 vultu
727 1291 888 1374 cujusdam
918 1291 1071 1376 ephori,
1105 1293 1160 1374 qui
1208 1348 1210 1352 ,

92 1418 161 1461 eum
199 1392 373 1475 admonere
408 1397 583 1481 cupiebat,
634 1396 768 1458 insidias
802 1399 863 1460 sibi
893 1397 965 1459 fieri
993 1395 1160 1462 intellexit.

91 1506 198 1589 ltaque
240 1503 351 1586 paucis
391 1516 462 1564 ante
499 1501 672 1585 gradibus,
726 1523 816 1585 quam
853 1503 908 1586 qui
937 1500 1201 1585 sequebantur,2

123 1734 178 1807 [In
194 1728 323 1801 itinere]
340 1731 508 1786 Cornelium
523 1728 610 1783 inter·
645 1727 746 1795 novit,
765 1750 829 1785 cum
842 1730 1084 1803 praetereaalius
1101 1730 1164 1801 qui-
1225 1723 1229 1728 ’

92 1803 237 1869 dmnnon
255 1801 323 1855 satis
338 1811 419 1854 recte
442 1797 612 1852 auctoribus
646 1795 710 1848 dam
726 1798 870 1872 Ephorus,
882 1799 1163 1856 benevolentiadue·

124 1872 203 1927 dec'is
219 1869 372 1931 usumcffc,
389 1877 610 1939 utpmnes,crc-
645 1873 708 1924 tus,
733 1877 805 1919 nutu
825 1864 998 1919 clandestino
1024 1885 1084 1920 rem
1105 1885 1164 1924 om·
1244 1863 1262 1875 ”

112 1959 147 2005 o,
166 1936 345 2009 coucedcnt,
365 1937 405 1989 itu
426 1952 485 1988 non
503 1934 613 2006 poffum
646 1947 711 1983 nem
731 1935 758 1988 ei
775 1933 968 2006 patefaceret,
988 1934 1166 2010 eursupetiit

93 2026 150 2063 uun
166 2005 288 2069 mirari,
308 2002 339 2057 id
352 2003 383 2056 in
398 2002 531 2056 hocloco
541 2019 611 2053 uon·
646 2002 801 2066 temdum,
816 2000 894 2072 qrrod
911 2018 995 2073 >rope
1005 2001 1164 2066 adjacebat.

95 2076 160 2129 dum
175 2076 220 2147 ab¹
232 2072 297 2127 aliis
312 2069 541 2125 animadversum
558 2071 612 2122 effe
646 2017 724 2196 guid
740 2074 845 2142 quaeso
863 2021 1004 2122 dehderes
1019 2069 1164 2145 amplius?

98 2156 179 2215 atque
192 2149 333 2203 notatum.
372 2138 443 2218 Quis
466 2137 543 2188 enim
565 2137 611 2201 est,
672 2136 727 2190 ude
743 2150 837 2192 autem
852 2136 963 2199 erbis,
981 2138 1139 2209 profectos
1156 2172 1165 2182 ·

97 2215 218 2287 qui-,nou
233 2209 355 2272 sentiat,
377 2224 440 2260 rem
456 2205 507 2258 tati
525 2203 612 2256 modo
647 2210 684 2264 cis
714 2207 760 2259 ers
780 2208 842 2260 icuc
859 2204 983 2268 traditis,
995 2206 1043 2258 itta
1057 2209 1164 2262 corne-

95 2264 466 2335 narratamdisticuhatibus
475 2273 613 2325 laborare
647 2277 680 2331 lii
692 2225 865 2329 haehtatio?
894 2272 1067 2343 Thucydidis
1084 2274 1112 2327 ἑν
1129 2279 1167 2345 τῇ

97 2343 413 2403 haudunedioeribus?
446 2339 614 2394 Pausaniam
648 2343 713 2408 ὁὸῴ
734 2342 856 2415 legendo
878 2341 955 2410 cepit
974 2361 1029 2414 pro
1048 2343 1165 2405 itinere,

94 2416 182 2471 batim
216 2413 341 2467 secutum
383 2421 494 2464 utemus
518 2409 613 2477 Epho.
649 2409 728 2485 quod
752 2429 816 2464 curn
841 2409 922 2463 sonet
949 2421 1046 2466 ruente
1062 2429 1165 2464 ronce-

96 2483 164 2547 ros?
183 2484 265 2603 (hum
281 2497 344 2533 curn
361 2429 614 2531 decueriadsuiss'e
648 2479 748 2553 piffet,
767 2477 802 2530 acl
829 2476 1008 2530 scribendum
1028 2477 1166 2532 accedens

97 2551 202 2605 senfiffe
224 2586 232 2613 ,
259 2548 375 2599 nullam·
392 2546 418 2598 ei
442 2542 508 2597 inde
525 2543 614 2615 suspi-
651 2563 764 2605 omnem
781 2563 842 2599 rem
863 2544 901 2597 ita
919 2547 1065 2607 narrarit,
1092 2546 1166 2598 acsi

88 2620 211 2673 cionem
245 2624 370 2669 creatum
409 2608 614 2665 arbitremur?
651 2615 681 2666 in
697 2612 803 2667 itinere
816 2614 918 2666 urbem
933 2614 1030 2668 versus
1045 2614 1166 2666 ducente
1256 2626 1259 2631 ·

96 2688 199 2743 Nonne
211 2683 281 2739 satis
297 2691 387 2754 patet,
402 2679 614 2752 EphorosPau-
650 2679 803 2735 accidiss'et.
824 2678 971 2744 Moscha]

98 2753 222 2816 sanium,
250 2751 332 2823 apud
351 2758 487 2821 agrorum
505 2746 615 2799 incolas
702 2750 727 2802 tt
745 2747 825 2802 uultu
839 2744 956 2816 cujusd.
975 2747 1089 2823 Ephori
1095 2747 1106 2800 d
1125 2749 1167 2801 Ex

100 2820 340 2894 gratiohffimusn,
360 2834 499 2887 nusquam
520 2815 570 2867 nifi
585 2814 615 2864 in
650 2828 721 2869 nutu
745 2816 916 2871 clandestino
950 2817 1013 2872 aliis
1038 2806 1190 2868 innitur-⁸

98 2890 169 2943 urbe
195 2898 259 2943 tuto
290 2882 537 2957 comprehendere
559 2900 613 2955 po·
650 2894 735 2947 rato,
755 2882 1016 2953 νεκματιάφανεῐ,
1038 2895 1068 2937 ut
1088 2883 1167 2938 Thu·

101 2956 200 3010 tuiss'e?
226 2955 258 3010 si
274 2950 616 3025 deniqueresinitinere
652 2950 771 3022 eydides
792 2952 844 3007 lib,
871 2975 893 3006 ι.
917 2970 983 3025 pag.
1003 2956 1046 3022 87.
1070 2952 1166 3011 habet.

102 3024 170 3095 gesta
186 3025 270 3086 edet,
289 3018 435 3095 quomodo
450 3018 617 3074 Pausaniam
653 3023 824 3080 Loccem'us.
843 3022 920 3077 vor.
936 3024 970 3074 B.
986 3029 1064 3076 etex
1078 3019 1168 3073 uultu.

102 3108 130 3145 cr
149 3093 257 3151 itinere
275 3089 441 3164 putabimus
466 3089 495 3141 in
519 3083 618 3138 aedem
654 3095 686 3148 ρ,
701 3108 739 3143 ex
753 3088 843 3144 cultu,
862 3088 959 3157 [Ituci
978 3090 1032 3142 Gn,
1044 3089 1096 3141 Ax,
1111 3088 1168 3142 Uli,

103 3160 270 3223 Minervae,
319 3173 393 3230 quae
424 3156 453 3209 in
485 3151 618 3224 3⁰?01201i
654 3153 1169 3227 CodexA1.etiamlrabct:cumjam

103 3226 248 3291 suaerat,
267 3227 306 3278 ita
316 3224 473 3290 confugere
485 3220 618 3298 potuiffe,
653 3228 686 3282 in
702 3245 735 3280 eo
750 3234 841 3287 esset,
860 3232 893 3278 ut
901 3219 972 3295 jam
989 3223 1120 3297 compa]
1168 3250 1172 3259 ·

104 3309 129 3351 ut
146 3294 246 3368 {taureis
262 3305 327 3347 ante
346 3294 500 3365 gradibus,
535 3306 620 3360 quam
669 3312 673 3318 ·
689 3293 874 3358 Admonere]
893 3299 957 3349 lton
979 3291 1167 3346 matessoeol.

102 3365 363 3437 quiscquebantur,
383 3379 417 3416 eo
428 3355 619 3435 perveniret?
656 3374 684 3417 et
699 3362 780 3415 Laid,
800 3361 967 3418 admoneri,
1005 3364 1079 3413 Dan,
1100 3378 1171 3433 quo.

103 3435 157 3490 Ros
178 3443 298 3494 arcem,
334 3430 357 3484 si
382 3426 574 3500 Thucydidem
595 3445 619 3488 1,
654 3449 710 3505 que
729 3432 906 3485 ammoneri.
928 3427 1035 3482 Bofius.
1060 3429 1111 3483 ΜΓ.
1131 3429 1169 3481 0·

105 3506 160 3559 133.
181 3499 330 3559 audimus,
362 3500 452 3551 multo
470 3496 555 3563 aliter
573 3513 619 3548 ac·
655 3517 721 3553 xon.
744 3500 884 3553 amoueri.
911 3496 992 3550 Leid.
1011 3512 1089 3549 meus
1109 3514 1171 3551 om·
1231 3552 1235 3561 ,

104 3571 183 3625 cidit.
221 3570 352 3637 Taenaro
369 3566 496 3638 profecti
518 3566 575 3632 jam
593 3579 619 3614 e·
655 3568 780 3622 moneri.
815 3567 893 3621 Vols.
907 3569 941 3619 B.
958 3566 990 3619 C.
1005 3561 1171 3622 admoneri.

102 3650 164 3692 rant
183 3637 214 3690 in
235 3637 309 3691 urbe
332 3647 359 3688 ct
376 3635 488 3710 Ephori
508 3645 536 3688 et
549 3635 620 3686 Pau·
657 3633 729 3707 [Ax.
747 3635 831 3687 etiam
848 3633 1021 3698 admoneri,
1040 3633 1172 3700 quodre-

105 3708 198 3761 sanias
207 3726 221 3774 3·
253 3704 296 3757 ibi
318 3714 430 3769 autem,
452 3721 515 3756 cum
540 3700 570 3753 in
586 3717 621 3763 eo
658 3705 756 3776 cipere
771 3720 828 3756 non
844 3701 1016 3756 dubitarem.
1035 3700 1172 3757 Moscbe'.

105 3776 187 3840 edet,
204 3783 237 3827 ut
252 3773 404 3829 Pausanias
414 3775 448 3828 in
465 3772 512 3826 uia
530 3769 624 3841 (c'vapi
657 3774 699 3826 lta
719 3772 805 3824 etiam
818 3768 870 3825 Ed.
889 3771 948 3826 Ult.
969 3768 1020 3824 sed
1039 3772 1094 3824 Gu.
1118 3767 1171 3825 ad-

105 3842 199 3911 6695),
218 3836 621 3914 i·e·p0rurbe1naliq11³ssdtt
657 3858 794 3905 monere,
821 3838 980 3907 quodcum
999 3838 1172 3892 Tuscbuchio

104 3910 252 3973 incedens,
268 3909 574 3985 comprehenderetur,
587 3924 622 3981 ex
656 3906 800 3979 praestare
818 3908 909 3976 duco,
926 3907 995 3979 quia
1018 3907 1053 3960 ad
1071 3906 1171 3979 ipsum,

99 3980 190 4041 unius
209 3976 248 4041 ad
268 3995 332 4030 eum
348 3976 510 4032 accedentis
524 3975 621 4049 Epho—
657 3977 705 4047 qui
726 3975 878 4048 cupiebat,
904 3976 1059 4049 pertinet]
1106 4034 1109 4039 ⁸

105 4047 129 4099 ri
148 4046 232 4102 vultu
246 4045 340 4110 (irato
355 4056 384 4111 et
396 4046 464 4099 hinc
480 4062 542 4099 rem
563 4062 621 4097 om·
694 4043 851 4118 Quomqui
858 4041 1065 4117 sequebantur]
1076 4041 1173 4103 Buch-

106 4112 343 4192 nemprodepte),
361 4114 622 4195 currerit-remeg-
657 4130 746 4169 uerus
781 4112 954 4195 existimabat
984 4109 1172 4187 supplendmn
