2594 4644
128 324 183 365 sn
223 291 457 363 emrcArlo
478 286 693 352 ecmonus
717 287 899 354 STAVER.
919 286 1103 353 PRIORIS.

126 537 162 577 rr
176 532 325 585 innatus,
348 532 441 573 omne
459 523 585 603 tempus
595 506 702 567 literis
721 482 871 576 dederis,
905 515 937 562 et
958 499 1082 585 postea,
1106 514 1227 582 quarn

124 622 164 681 ad
178 622 313 683 lummos
327 620 486 690 honores,
518 615 775 698 dignitatesque,
805 611 955 670 natalium
978 605 1143 692 splendori
1164 613 1223 665 et

121 729 246 789 urentis
268 728 347 788 'l‘uis
369 724 510 796 debitas,
533 735 666 785 erectus
681 741 736 791 ee,
759 719 794 782 in
810 710 979 800 utriusque
994 713 1107 798 populi
1121 710 1208 781 fata,

119 835 211 917 leges
230 849 327 918 atquo
343 829 500 903 instituta,
530 843 565 899 ut
577 826 760 891 uberrimus
779 825 856 886 inde
877 825 912 885 in
925 827 1041 908 Remp.
1059 817 1204 883 nostram

118 939 312 1001 redundaret
333 940 474 1008 fructus,
507 934 682 1017 diligenter
705 933 872 1016 inquirere
891 949 1051 1014 nunquam
1068 922 1196 987 destite-

117 1045 177 1106 ris.
220 1049 302 1107 Tum
320 1045 393 1131 quia
410 1041 588 1103 innumeris
605 1042 685 1101 aTe
700 1053 811 1101 auctus
829 1052 861 1100 et
872 1052 1003 1099 ornatus
1014 1030 1193 1103 beneficiis,
1224 1062 1227 1097 :

118 1149 234 1232 quibus
252 1170 353 1210 novus
371 1168 476 1231 nuper
491 1144 618 1207 acceffit
633 1146 796 1218 cumulus,
820 1166 917 1227 quum
932 1147 1004 1204 Tuo
1021 1138 1190 1224 inprimis,
1224 1138 1227 1221 l

115 1264 194 1319 tunc
207 1255 362 1345 repperis
385 1252 556 1317 Consulum
571 1248 747 1324 eraclidis,
783 1248 1105 1334 ampliffimorumque
1122 1243 1191 1307 Col·
1224 1246 1227 1321 l

115 1360 259 1446 legerere
276 1364 419 1421 'suorum
436 1360 600 1432 concellu,
623 1372 760 1443 quatuor
775 1358 924 1430 codicum
941 1365 1191 1447 manufexarato·
1212 1346 1228 1423 ¹:

114 1487 203 1540 runa,
233 1466 290 1529 has
303 1469 538 1549 ,Imperatorum
559 1452 641 1529 ritas
667 1465 919 1540 continentium,
950 1463 1005 1551 qui
1022 1461 1056 1559 in
1071 1458 1192 1525 Acade.

110 1572 193 1647 miae
205 1572 362 1656 Lugduno
380 1577 517 1636 Batavae
533 1573 735 1637 Bibliotheca
756 1572 980 1645 adservantur,
1003 1568 1097 1651 copia
1113 1565 1191 1629 mihi

110 1675 193 1744 tacta
209 1677 268 1750 sit,
299 1680 435 1763 primam
457 1679 539 1743 hauc
554 1679 687 1763 publice
704 1676 854 1753 testandi,
896 1677 974 1765 quid
992 1688 1026 1737 et
1043 1689 1194 1761 quantun

110 1782 187 1848 'ribi
201 1784 256 1847 uni
266 1784 411 1859 debeam,
421 1780 695 1871 opportunitatem
709 1785 895 1868 rapiendam
909 1780 1095 1848 existimari.
1128 1780 1194 1845 Hie

106 1888 171 1972 jam
189 1889 352 1954 latillimus
376 1893 410 1952 in
431 1893 580 1976 egregias
595 1896 681 1953 'fuas
695 1890 895 1974 exspatiandi
913 1891 1050 1958 uirtutes
1067 1882 1194 1973 pater-el

75 2028 79 2035 ·
109 1994 188 2059 mihi
207 2015 353 2080 campus,
376 1998 410 2060 in
434 2021 567 2082 quarum
587 1998 805 2081 magnitudine
829 1995 1008 2059 illustranda
1023 1995 1091 2078 ipse
1112 1996 1193 2056 Cor·

107 2102 233 2191 arelius,
258 2103 286 2166 si
309 2119 397 2168 aetas
417 2106 486 2186 ejus
501 2106 536 2167 in
552 2107 631 2167 haec
648 2119 794 2186 tempora
811 2103 990 2176 incidillet,
1019 2102 1194 2185 'ingenium

108 2207 273 2289 aedilem
294 2210 385 2277 suum
405 2233 561 2301 exercere
580 2213 726 2296 gavilirs,
751 2224 789 2275 et,
803 2207 898 2271 simul
916 2212 964 2273 're
985 2229 1096 2269 omnes
1116 2207 1192 2273 illos

104 2304 290 2403 praeclaros
311 2308 467 2389 Graeciae
484 2339 520 2384 ec
536 2323 698 2383 Romanae
718 2317 864 2383 Civitatis
878 2318 968 2381 vires
985 2313 1191 2386 fortitudine,

105 2421 294 2497 constantia,
318 2424 507 2506 prudentia,
531 2447 568 2487 ac
583 2428 667 2488 ritae
682 2426 868 2508 integritate
887 2425 915 2484 si
933 2442 998 2483 non
1017 2419 1189 2502 superans,

103 2527 211 2594 saltem
228 2531 454 2613 aequiparatio
468 2532 628 2616 profell'us
652 2510 770 2594 suill'et.
814 2529 880 2593 Sed
904 2528 1055 2613 quoniam
1079 2546 1192 2586 earum

105 2634 205 2704 fama,
228 2618 409 2701 universam
424 2659 485 2722 per
499 2644 662 2722 Europam
672 2638 850 2710 celebrata,
865 2636 951 2698 nulla
964 2633 1190 2716 temporisve-

104 2740 215 2805 testate
231 2744 474 2818 obliterabitur,
496 2767 557 2809 nec
572 2767 645 2808 meo
661 2744 835 2830 praeconio
849 2742 1006 2825 indigent,
1029 2740 1122 2801 hisce
1137 2740 1188 2801 in·

104 2850 189 2912 culta
205 2850 350 2913 oratione
366 2851 560 2914 exornandis
576 2853 719 2936 prudens
735 2849 948 2936 supersedere
964 2847 1067 2920 malo,
1091 2867 1187 2929 quam

103 2955 138 3021 in
154 2955 336 3043 modestiam
351 2961 451 3018 'l'uam
469 2972 501 3021 et
516 2957 661 3043 publica,
685 2958 801 3042 quibus
819 2970 914 3019 nocte
933 2955 1051 3038 dicque
1065 2952 1185 3037 inrigi-
1227 3035 1230 3045 1

100 3062 169 3137 las,
193 3064 359 3127 commoda
381 3085 529 3148 peccare.
573 3067 708 3132 Unicum
731 3067 856 3150 itaque,
887 3062 948 3141 Vir
966 3058 1184 3141 Illullriss'me,

100 3181 211 3230 V⁰l¹1¹11
225 3171 407 3241 meamhoc
425 3169 483 3247 cll,
507 3185 542 3236 ut
556 3175 778 3236 munusculum
794 3172 891 3245 illud,
915 3170 978 3231 etsi
996 3170 1087 3242 leve,
1111 3161 1185 3229 cer·

99 3270 249 3336 tislnnurn
264 3290 370 3339 tamen
386 3279 468 3360 grati
486 3279 704 3363 memoriaque
719 3281 815 3345 animi
831 3277 1064 3350 testimonium,
1086 3273 1185 3337 hilari

98 3378 240 3443 vultuac
259 3380 402 3466 benigno
419 3383 592 3467 intuearis,
628 3390 764 3472 Tuoque
778 3384 909 3461 farore,
933 3404 1030 3469 quem
1049 3380 1113 3465 buc
1126 3402 1183 3442 us·
1222 3370 1227 3375 ’

49 3579 54 3585 ¹
97 3505 161 3574 que
181 3503 335 3574 expertus
355 3486 438 3559 suut,
462 3511 513 3553 rue
531 3466 684 3575 prosequi
699 3482 827 3576 pergas.
871 3491 968 3587 Quod
985 3492 1012 3552 si
1027 3487 1182 3573 impetra·

96 3610 193 3668 vero,
217 3595 323 3660 omnia
346 3610 397 3661 'rue
421 3595 571 3684 adeptum
580 3600 717 3683 putabo.
758 3599 856 3674 Vale,
886 3600 949 3664 Vir
962 3593 1179 3669 lllultrilllme,

95 3709 130 3799 et
143 3699 250 3763 Deum
266 3704 305 3765 Τ.
325 3702 366 3767 0.
383 3708 446 3776 Μ.,
469 3717 503 3768 ut
519 3704 581 3766 Rei
597 3704 749 3769 Publicae
767 3718 799 3772 et
814 3705 993 3772 Literariae
1007 3701 1189 3765 commodo¹

95 3807 144 3895 ’ξε
167 3806 222 3870 diu
243 3809 364 3875 salvum
388 3825 421 3876 ot
443 3803 642 3898 superstitem
663 3810 726 3881 elie
750 3810 850 3889 velit,
881 3809 1074 3904 suppliciter
1088 3825 1177 3883 nuno

94 3931 251 3997 reserem
275 3935 312 3979 cc
329 3915 457 4005 semper
467 3915 659 3989 venerabor.

92 4060 414 4259 ι’ἕιῗῗωῗιιιῡζῇῗῶἷῖἑῑῑ

136 4196 389 4262 .t1oecxxxlv‚
