2594 4644
26 239 249 382 'suu'
403 252 879 360 resumemus?

173 492 353 556 Theodosii
378 511 460 555 vero
484 496 720 576 Imperatores,
750 505 792 555 ut·
817 511 858 553 ex
877 492 967 554 veris
988 505 1178 578 temporum

91 599 374 687 supputationibus
390 612 543 684 apparet,
575 597 614 659 sl>
630 620 715 660 enno
731 599 786 683 qui
809 599 874 660 suit
898 595 1036 660 hurnsno
1057 598 1175 682 generi
1216 594 1218 613 '

61 712 67 723 “
93 709 241 778 salutaris
251 727 447 770 coonuxui.
469 706 624 789 usquead
639 726 758 779 onum,
781 706 885 765 solum
901 703 1042 766 Arcadio
1054 716 1090 766 et
1104 703 1171 765 He·
1188 732 1191 739 ·

92 815 189 878 norio
206 812 506 886 intercedentibus,
527 813 784 897 imperaverunt:
806 831 871 895 quo
886 824 1055 894 tempore,
1078 820 1169 893 utque

95 934 169 983 ante
187 920 283 982 etiem
294 919 419 992 multo,
441 934 475 981 et
488 919 576 1004 post,
601 919 760 993 Preborum
770 915 888 978 factam
902 898 1103 979 montionem
1118 915 1168 977 tu
1185 907 1190 919 ’

93 1026 201 1092 venio.
240 1029 324 1089 Num
346 1026 405 1087 sub
421 1025 605 1089 Alexandro
624 1027 748 1088 Seuero
766 1027 963 1108 Imperatore
976 1006 1089 1084 Prolui-
1101 1040 1170 1085 eun
1188 1076 1191 1081 .

93 1131 255 1207 Modesto,
277 1152 396 1194 annos
415 1130 529 1194 Christi
550 1110 624 1194 ortu
641 1131 863 1218 ducentesimo
878 1130 1070 1212 trigesimo,
1097 1148 1171 1191 eon·

22 1226 32 1245 ⁸
95 1240 145 1303 sul
162 1239 234 1301 fuit.
277 1238 373 1301 Anno
386 1259 465 1301 vero
484 1239 705 1301 ducentesimo
724 1237 962 1322 septuagesimo
975 1220 1172 1297 nonem

95 1347 163 1408 lium
181 1345 302 1407 Probum
320 1338 453 1429 lm'perii
478 1344 622 1407 diadema
646 1345 801 1428 aceepille
826 1342 955 1406 constat.
997 1344 1098 1405 Anne
1114 1341 1173 1405 trio·

96 1452 275 1516 centesimo
292 1453 530 1537 septuagesimo
542 1466 656 1535 quarto
673 1449 792 1535 l'rqbum
803 1449 1072 1531 Cmfulempvidere
1084 1447 1174 1511 lieet.
1216 1498 1218 1507 .

96 1560 192 1620 Anno
207 1578 287 1620 vero
302 1557 617 1641 quadringentesimo
636 1576 742 1632 nono,
766 1558 824 1619 sub
843 1555 1002 1628 Arcadio,
1024 1553 1185 1617 Honorio-

98 1678 132 1726 et
145 1661 326 1749 Theodofio
344 1662 470 1742 juniore
486 1662 747 1749 lmpemtoribus,
770 1663 855 1725 Probi
866 1661 1046 1725 consulatus
1056 1681 1178 1746 egnes·

3 1776 8 1783 “
98 1769 214 1833 eitur..
239 1769 390 1831 Proboium
416 1769 560 1850 Consulum
582 1770 703 1832 mentio
722 1770 818 1832 etism
840 1769 976 1832 hebetur
1002 1764 1180 1831 inmodice

98 1876 326 1940 Theodosisno
343 1876 429 1937 libro
448 1877 601 1950 secundo,
624 1877 684 1938 sub
699 1876 796 1938 titulo
813 1878 946 1961 quarto,
970 1890 1004 1940 et
1015 1872 1103 1938 libro
1110 1886 1180 1936 ter·

98 1985 164 2057 tio,
187 1984 283 2046 titulo
295 1980 452 2066 septimo.
494 1986 573 2045 Item
599 1983 684 2045 libro
704 1997 838 2066 quarto,
859 1983 954 2046 titulo
979 1996 1092 2060 sext03
1121 1980 1181 2063 dee

102 2111 189 2151 mum
206 2088 291 2150 libre
316 2086 505 2161 undecimo,
536 2090 630 2150 titulo
650 2088 776 2171 primo:
805 2088 892 2150 libro
908 2108 990 2151 vero
1005 2109 1116 2162 nono,
1136 2088 1181 2151 154

99 2197 169 2257 tulo
193 2193 352 2267 seeundo,
376 2193 413 2255 fit
429 2197 549 2258 mentio
567 2194 662 2268 Probi,
686 2195 824 2278 Praefhrti
839 2197 1000 2257 Praetorius
1032 2195 1185 2281 siquem

103 2298 265 2363 Ausonius
277 2300 407 2373 Gallus,
429 2302 485 2386 qui
502 2303 561 2364 suh
575 2302 821 2376 Valenti-niano,
844 2303 899 2386 qui
907 2323 983 2364 mox
990 2303 1183 2366 oum'l'lmot
1206 2352 1209 2357 .

7 2463 11 2472 ,
102 2407 196 2468 dosio
222 2405 412 2490 imperavit,
455 2407 652 2469 oonsuletum
676 2430 737 2469 una
763 2429 837 2469 eum
864 2409 1019 2489 Olybrio,
1056 2429 1140 2471 suno
1164 2431 1187 2475 e

65 2540 68 2546 ·
102 2511 217 2573 Christi
236 2512 333 2574 natali
348 2513 576 2576 trecentesimo
593 2515 812 2598 octuagesimo
829 2516 971 2577 seeundo
981 2515 1117 2599 adeptus
1125 2511 1184 2591 est,

1 2671 2 2678 ,
104 2615 268 2701 epistolam
286 2618 430 2700 scripsit.
473 2621 516 2678 Et
532 2620 616 2681 libro
633 2621 765 2694 eodem,
787 2622 883 2683 titulo
901 2623 1059 2706 vigesimo
1079 2623 1185 2708 septi·

40 2788 47 2795 ,,
100 2743 174 2797 mo,
211 2738 244 2785 et
260 2724 346 2786 libro
369 2723 514 2799 decimo,
546 2729 639 2789 titulo
659 2728 820 2802 secundo,
853 2729 956 2804 Probi,
985 2723 1124 2813 Praefecti
1137 2735 1186 2792 vi-

97 2824 203 2912 gilum.-
229 2845 262 2892 et
279 2833 365 2894 libro
385 2833 544 2907 secundo,
566 2835 661 2896 titulo
679 2835 809 2918 quinto,
834 2835 937 2910 Probi,
955 2834 1091 2919 Praefecti
1109 2835 1186 2912 llly-

102 2939 173 3008 rici,
205 2937 322 3000 laetam
345 2943 544 3003 mentionem
563 2941 830 3024 quisquevidere
845 2943 957 3027 potest.
998 2943 1187 3006 Proberusn

101 3042 222 3107 familia
247 3061 280 3107 et
301 3048 380 3111 Divi
400 3049 590 3129 Hieronymi
615 3062 719 3111 aetate
740 3048 907 3111 olsriffima
928 3051 1022 3114 suillo
1038 3050 1184 3115 videtur.

102 3148 158 3214 sio
181 3150 267 3213 enim
289 3152 343 3213 hio
369 3153 413 3214 ait
437 3153 471 3217 in
490 3154 619 3239 epistola
634 3153 674 3218 ad
696 3159 955 3234 Demetriadem:
984 3158 1090 3220 Scilicet
1112 3180 1186 3221 riuus

99 3257 166 3319 mibi
183 3256 355 3331 Probare-n,
378 3279 407 3318 et
423 3259 599 3334 olybriorum
613 3263 688 3324 clara
707 3268 852 3347 repetenda
868 3260 938 3346 sum
955 3269 1080 3339 rumim,
1110 3286 1138 3327 er
1150 3266 1187 3325 il·

103 3361 197 3444 lustris
218 3366 310 3427 Arzicii
329 3363 469 3446 sariguiuis
487 3388 589 3448 genus,
624 3375 660 3430 'iu
676 3393 727 3458 quo
743 3391 794 3432 aut
811 3372 917 3444 nullus,
949 3393 998 3432 aur
1015 3393 1099 3433 rurus
1117 3376 1184 3448 trit,

103 3474 148 3550 qui
165 3491 218 3528 uon
233 3475 365 3530 meruerit
382 3472 577 3548 Consulatum,
599 3489 661 3538 eto.
697 3477 852 3558 Ejusdem
868 3491 970 3540 aetate
992 3479 1092 3552 Probe,
1112 3470 1191 3543 loe-⁸

104 3572 190 3638 iuius
206 3574 380 3642 dectiffima
396 3592 429 3640 et
452 3580 601 3656 Poiitris,
629 3581 757 3658 floruit,
789 3585 879 3666 eujus
905 3588 1068 3649 centones
1088 3590 1186 3650 etism

106 3679 234 3744 exstant.
277 3683 384 3768 Atque
401 3686 453 3749 his
480 3689 700 3775 temporibus,
728 3714 796 3754 uon
814 3708 919 3755 autem
936 3693 1108 3776 Pomponii
1127 3695 1186 3756 At·

105 3788 164 3849 tici
180 3802 213 3849 et
230 3787 410 3866 Ciceronis,
436 3796 587 3857 Probsrum
601 3797 796 3862 mentionem
808 3799 950 3864 invenio.
976 3798 1059 3859 Probi
1070 3802 1186 3873 Gram-

33 3913 435 3948 l,m

46 4020 50 4025 ·
109 4000 301 4079 finientur
313 4002 431 4061 steriles
437 4003 503 4075 fra
510 4003 588 4080 gili
603 4013 718 4071 breim
734 4013 787 4071 lib.
801 3970 890 4079 Veis.
903 4036 943 4073 11.
964 4015 1021 4071 eu.
1036 4017 1186 4087 genito.

141 4070 197 4155 ris
206 4072 320 4145 orique.
339 4073 398 4148 ¹Ax.
411 4075 517 4147 auique
529 4075 683 4151 meique.
701 4088 787 4142 Vers.
806 4103 847 4140 ss.
864 4085 916 4149 An.
927 4089 984 4145 Gu.
996 4086 1115 4152 Felices,
1126 4084 1185 4143 do·

142 4157 286 4199 usinum
301 4158 376 4217 quer
391 4159 545 4209 meruere,
560 4158 699 4221 monum]
