2594 4644
276 292 338 361 v1.
382 287 724 379 ursanensi.
776 283 866 343 cis.
897 285 942 344 11.
1085 296 1145 362 207
1193 245 1197 260 '

473 695 621 780 (pene.
672 693 717 755 11.
794 697 801 705 ’

155 909 219 978 lta,
242 901 448 966 decemvirali
477 913 637 984 potestate
666 898 700 958 in
730 895 876 958 ominibus
905 897 1049 980 urbibus
1069 918 1144 960 con·
1170 935 1181 972 ι
1211 904 1214 910 ’

72 1013 207 1082 stituta,
250 1007 354 1090 ipsius
383 1020 461 1068 nutu
489 1006 594 1067 omnia
622 1001 824 1087 gerebantur.
882 1002 976 1083 Cujus
1006 1003 1046 1066 da
1074 999 1146 1064 cru'.

69 1117 202 1178 delitate
233 1131 269 1172 ae
296 1098 441 1194 pertidia⁴
463 1111 539 1183 satis
571 1123 620 1170 est
648 1125 741 1167 unam
769 1128 855 1182 rem,
908 1108 1046 1191 exempli
1074 1128 1155 1191 gra-⁴

69 1206 132 1295 tia,
178 1199 348 1302 proferre,
382 1236 433 1277 aanet
462 1215 503 1278 dc
532 1216 646 1276 eodem
666 1215 759 1297 plura
788 1212 1146 1275 enumerandodefati-
1189 1255 1190 1258 η

70 1346 182 1411 gemus
221 1326 374 1385 lectores.
446 1320 562 1388 Victor
598 1341 637 1381 ex
672 1320 749 1380 Asia
784 1341 880 1404 quum
915 1332 1186 1397 reverteretur„
1278 1388 1283 1395 ¹

73 1427 278 1511 Thasumque
298 1426 521 1506 devertisset,
572 1424 659 1510 quod
687 1445 724 1486 ea
752 1426 863 1488 civitas
891 1427 1063 1509 praecipua
1083 1423 1147 1485 tide
1217 1461 1223 1467 -

125 1655 179 1728 (p.
190 1656 271 1724 ιρι.)
312 1657 483 1732 Fatigemus
531 1653 594 1709 Mis.
626 1655 1149 1730 probabiliorvidetur.Pergitprae‘-

74 1724 206 1788 schotti,
230 1721 288 1778 Gif.
304 1736 334 1780 et
351 1730 423 1779 Dan.
445 1724 481 1779 de
496 1725 592 1803 atige-
627 1736 708 1779 terea
733 1734 835 1778 auctor
858 1742 978 1785 narrare
1003 1723 1147 1781 derebus

73 1810 160 1855 mus,
181 1808 255 1864 quae
276 1793 591 1850 sortaffcvcraiesno.
629 1788 710 1867 gestis
732 1791 1077 1863 nemoribusLysandri3
1112 1790 1148 1844 dc
1214 1846 1219 1851 .

72 1860 194 1914 Rosius.
224 1855 306 1928 [nn.
320 1859 498 1934 fatigemus,
525 1859 593 1924 sed]
629 1861 906 1915 crudelitateantcm
921 1860 1154 1935 etperfidiavirim

73 1927 278 2000 defatigemus
296 1932 383 1983 etiam
404 1930 480 1984 Voff.
504 1929 537 1981 A.
558 1929 592 1980 Β.
630 1947 694 1982 curn
710 1930 796 2003 plura
819 1931 933 1982 narrari
950 1932 1077 2003 pnlsent,
1104 1941 1146 1982 ta-

74 1998 106 2050 C.
130 1993 142 2066 [
153 1990 230 2064 [ἔω]
257 1997 300 2049 Ita
324 2006 356 2049 ut
375 2015 431 2069 pro
449 2007 530 2050 certo
547 1995 594 2048 ha·
630 2015 695 2051 men
708 1996 1146 2052 unumilludnarran'esatisha·

72 2063 177 2129 bearn,
203 2063 277 2118 hanc
300 2081 401 2120 veram
423 2065 476 2117 effe
493 2064 594 2116 lectio·
630 2065 689 2120 bet.
714 2065 860 2120 Moscha:
877 2066 1070 2139 licnfingero‚
1085 2066 1147 2118 vui·

74 2150 152 2197 nem,
171 2133 269 2185 necin
283 2141 392 2185 textum
402 2134 535 2204 recipere
547 2129 595 2184 du·
632 2147 725 2208 gatarn
739 2133 896 2207 probanti,
916 2130 1081 2201 silention]

73 2199 176 2254 bitem.
222 2199 403 2274 Defutigare
425 2201 490 2272 plus
516 2209 598 2252 notat
667 2198 860 2268 Divertisset]
887 2201 983 2255 Bofius
1000 2201 1030 2254 in
1052 2201 1149 2257 indice

76 2286 164 2338 quam
179 2265 329 2342 fatigare.
363 2268 467 2322 Cicero
488 2287 541 2338 ιο.
563 2265 598 2319 ad
631 2275 701 2346 legit
726 2269 911 2333 devertisset,
941 2287 1026 2342 quam
1048 2271 1149 2325 lectio·

75 2341 154 2392 Fam.
165 2341 219 2407 Ep.
239 2355 278 2403 ιι).
302 2335 377 2400 Sed,
391 2356 438 2391 me
453 2333 598 2400 hercules,
632 2359 698 2393 nem
711 2358 786 2391 nunc
804 2339 939 2402 admitto,
958 2339 1149 2393 tota'critico·

13 2462 14 2468 ,
75 2407 110 2461 in
125 2405 294 2476 cossi-ep.)
313 2403 518 2460 conservando
526 2402 598 2477 jum
632 2427 696 2462 rum
714 2407 1022 2472 cohortcitajubente.
1052 2406 1153 2467 Bofiua,

75 2473 250 2545 defatigatus
268 2492 328 2528 non
347 2472 445 2537 multo,
464 2471 531 2546 plus
544 2489 597 2556 pa·
632 2475 749 2548 vestigia
787 2474 1028 2546 ressit·Dausqnii.
1057 2478 1149 2528 Bour-

68 2543 157 2604 ,triae
166 2545 267 2617 fovee,
286 2550 375 2613 qua'm
390 2539 595 2614 tuaeglorsae.
633 2543 723 2599 deloti
741 2493 784 2599 ad
791 2542 922 2597 Petronii
934 2541 1060 2615 ¹Saty'ric.
1079 2562 1104 2597 c.
1123 2562 1148 2612 9.

77 2620 108 2662 et
128 2611 169 2664 ita
194 2612 224 2664 i'n
247 2611 312 2665 aliis
327 2610 437 2663 verbis.
476 2611 597 2664 Consule
632 2614 831 2676 Burmannus,
859 2613 925 2664 item
941 2608 1153 2666 Torreniusad
1203 2617 1206 2620 ⁴

14 2687 19 2692 '
76 2679 113 2732 1).
131 2682 167 2732 D.
185 2684 220 2736 V.
238 2683 275 2734 V.
292 2677 459 2732 Broulihus.
479 2677 515 2729 ad
526 2679 597 2730 Pro.
618 2681 733 2736 oValer.
749 2681 866 2736 Maxim.
882 2681 946 2733 Lib.
963 2699 982 2731 ι.
1002 2698 1063 2753 cap.
1080 2697 1107 2749 7.
1121 2698 1151 2734 n.

75 2756 155 2818 pert.
172 2748 205 2800 1..
225 2765 250 2800 n.
281 2746 385 2800 El.16.
415 2764 458 2800 vs.
480 2762 507 2815 7.
526 2747 597 2797 Bur-
632 2748 674 2802 31.
703 2749 760 2804 sed
775 2750 830 2801 boc
846 2749 913 2800 loco
931 2747 1070 2800 Codicum
1086 2743 1157 2816 scri-y
1208 2808 1210 2811 ¹

14 2841 16 2844 ⁴
75 2829 175 2873 mann.
193 2813 230 2868 ad
245 2811 369 2876 Phaedr.
386 2815 419 2867 L.
441 2813 466 2869 5.
495 2813 554 2868 fab.
572 2814 598 2868 5.
632 2817 763 2869 bentium
777 2815 1024 2871 divertissetmira
1040 2815 1157 2884 estcon.j

77 2899 122 2937 vs.
143 2901 186 2952 27.
204 2893 233 2936 at
251 2884 444 2956 Caunegieter
462 2881 597 2936 adnvia-
632 2884 742 2940 stantia.
773 2884 831 2939 Sed
847 2885 1006 2936 censoriam
1029 2884 1153 2939 Critico·

76 2968 147 3004 num
171 2951 231 3004 van:
256 2969 279 3003 1.
322 2949 468 3025 Imprimis
489 2951 600 3004 Auctor
633 2968 697 3006 rum
711 2952 1152 3026 hodienotamnoneffngerct,

76 3019 174 3072 noster
186 3030 260 3072 amat
275 3019 347 3072 hanc
357 3034 429 3094 prae
452 3019 600 3072 olitionem
634 3020 757 3094 siquis,
783 3021 883 3075 invitis
903 3020 974 3074 licet
990 3020 1152 3087 codicibus,

77 3087 180 3142 verbis
198 3104 384 3160 praeponere
404 3036 515 3141 advim
535 3102 600 3138 ver·
633 3089 692 3144 non
725 3088 835 3163 ubique
862 3088 973 3162 legeret
995 3087 1153 3157 devertere,

76 3153 186 3208 borum
213 3154 372 3228 augendam
398 3167 486 3230 atque
505 3157 599 3208 inten·
635 3156 803 3226 deversari,
821 3157 989 3213 deversoria
1014 3159 1089 3211 unde
1101 3159 1157 3211 i'al-'

77 3220 212 3277 dcndnm.
240 3224 270 3276 in
290 3223 452 3280 Hannibale
468 3241 534 3297 cap.
556 3241 597 3276 ιο.
633 3226 750 3280 timvox
764 3225 956 3296 diversorium
968 3226 1083 3297 civitate
1094 3219 1151 3292 lio·

76 3290 135 3344 five
150 3293 227 3364 legas
247 3291 448 3358 decertaturi,
475 3291 529 3346 iivc
544 3309 601 3364 po·v
633 3311 726 3357 mana,
743 3296 865 3369 totoque
875 3295 957 3350 Latio
973 3288 1088 3367 ex'pulsa
1105 3296 1153 3361 est,
1218 3324 1221 3332 ·

75 3358 307 3425 tius-decreturi,
318 3361 377 3414 vim
387 3359 601 3432 intenditprae:
616 3401 623 3427 χ
633 3372 753 3434 recepta
768 3380 839 3417 vero
855 3361 1064 3427 deversorium,
1081 3375 1113 3416 ut
1126 3374 1155 3418 et

103 3429 183 3481 olitio
210 3428 256 3493 de.
280 3430 310 3481 in
334 3429 466 3483 Themist.
494 3446 555 3513 cap.
572 3433 599 3490 4.
635 3428 847 3485 deverticulum
885 3450 920 3484 ro
935 3429 1151 3487 diverticulum.

76 3445 146 3553 blac
160 3516 194 3551 eo
207 3496 344 3560 valebat,
362 3506 394 3553 ut
407 3493 601 3571 ingraticsad
635 3498 696 3553 scio
707 3496 842 3570 equidem
851 3449 990 3555 aiiudcffc
1000 3498 1153 3559 divertere:

78 3564 303 3650 depugnandum
331 3584 434 3636 omnes
459 3582 599 3641 cogeren-
633 3564 709 3639 uncle
734 3564 868 3629 diversus
893 3578 921 3621 ct
943 3566 1102 3624 divortium
1121 3588 1153 3625 a·

78 3641 140 3689 tur.
165 3653 195 3689 in
213 3635 289 3688 Mitt.
313 3653 338 3688 c.
358 3653 382 3690 2.
414 3655 488 3691 nam
513 3645 602 3708 quum
636 3651 774 3707 quarum.
809 3635 897 3693 Aliud
915 3635 1062 3692 devertere
1081 3638 1109 3691 h.
1128 3655 1153 3692 c.

78 3704 189 3759 virtute
212 3700 344 3757 militum
370 3704 502 3759 bostium
523 3702 601 3758 devi—
636 3715 753 3757 vertere
773 3703 808 3757 de
831 3706 884 3768 viav
908 3705 937 3757 in
960 3705 1056 3757 locum
1076 3707 1155 3773 juxta

79 3771 161 3824 eiffet
185 3772 341 3827 exercitus·
378 3773 504 3828 Consule
526 3771 603 3826 Gaba
636 3771 715 3825 viam
734 3773 879 3844 positum,
918 3773 964 3827 vel
999 3773 1029 3825 in
1059 3775 1155 3828 locurn

78 3838 165 3893 hard.
184 3837 220 3892 ad
235 3841 349 3894 Conon.
363 3859 426 3915 cap.
443 3861 464 3896 1.
483 3840 600 3896 inVoff.
637 3843 787 3913 quemdam
808 3839 1013 3903 hirminonem,
1035 3841 1110 3898 unde
1126 3860 1154 3896 a.

80 3908 118 3961 Β.
132 3927 189 3980 pro
198 3918 241 3964 'ue
257 3907 295 3965 de
310 3908 436 3977 eodem,
455 3928 493 3966 ne
505 3907 541 3966 de
555 3926 601 3965 eu·
636 3908 696 3982 pud
717 3910 824 3964 Festum
843 3904 981 3966 ‹leoersus
995 3926 1028 3963 ex
1050 3909 1156 3967 linatur

81 3973 165 4039 dem,
183 3976 232 4030 sed
246 3995 333 4049 supra
343 3990 473 4033 notatum
485 3990 601 4034 craneo·
659 3995 691 4031 er
710 3977 848 4036 deorsum
862 3978 971 4036 versus.
990 3928 1047 4034 Sed
1060 3989 1154 4034 tamen
1199 4032 1200 4036 ,

83 4041 163 4099 dem.
184 4042 257 4116 [Ax.
278 4046 364 4100 etiarn
381 4067 419 4102 ne
436 4044 472 4104 cie
486 4047 601 4111 eadem,
635 3997 757 4112 dubito,
778 4053 814 4104 an
826 4049 935 4123 ubique
946 4045 1012 4101 ideo
1023 4049 1155 4105 diversus

84 4128 161 4184 quae
174 4115 264 4169 lectio
283 4115 312 4167 in
326 4116 377 4170 tali
392 4116 551 4170 verborum
570 4134 604 4170 ac
638 4117 675 4171 sit
686 4116 868 4183 eiciendum,
882 4119 1053 4192 praesertim
1063 4118 1153 4169 eloco

84 4185 297 4238 sententiarum
319 4199 395 4240 nexu
414 4183 485 4239 mibi
513 4185 608 4240 multo
638 4135 739 4247 Ovidii
757 4202 780 4239 t.
816 4179 931 4246 Metam.
952 4191 1012 4254 4¹9·
1045 4185 1154 4253 Cetera
