2594 4644
156 275 229 365 αι,
407 272 710 341 coruram
750 278 1022 343 aaronis

520 741 525 749 .
600 688 708 750 CAP.
737 690 804 750 111.

44 930 48 941 1
129 882 142 923 ι
180 873 184 880 ’
227 867 289 941 ,At
323 867 379 929 ille
414 882 490 952 post
523 888 588 934 non
606 951 609 956 Ι
624 869 724 930 multo
764 891 820 930 sua
848 884 963 954 sponte
998 871 1038 932 ad
1066 870 1247 933 exercitam

163 971 281 1046 rediit,
325 987 357 1035 et
393 973 439 1034 ibi
475 993 541 1034 non
571 974 684 1037 callida
721 975 780 1036 sed
815 975 956 1037 dementi
992 976 1129 1064 ratione.
1155 977 1246 1059 eagi-

164 1092 229 1140 tata
269 1077 435 1162 patefecit.
503 1081 575 1139 Nan
612 1082 697 1141 enirn
740 1102 849 1142 mores
883 1081 1006 1164 patrios
1044 1081 1150 1141 solum
1187 1080 1246 1143 sed

20 1193 23 1197 ’
121 1185 263 1251 aetiam
298 1185 418 1246 cultum
445 1184 662 1268 vestitumque
690 1186 832 1249 mutarit.
875 1186 1038 1269 Apparatu
1059 1186 1153 1270 regia
1173 1201 1244 1250 ute-

97 1293 100 1297 ’
156 1290 258 1353 -batur
280 1304 311 1364 ,'
346 1303 438 1352 veste
473 1288 635 1368 Medica3
688 1291 842 1354 satellites
885 1290 974 1377 Medi
1017 1303 1049 1350 et
1091 1291 1244 1376 Aegyptii

90 1512 113 1548 x
157 1522 161 1529 ·
197 1494 241 1570 (p.
256 1497 326 1564 144.)
363 1497 402 1552 Co
427 1491 527 1562 itata]
545 1493 685 1549 Emenda-
717 1496 951 1622 {itotaplacem
986 1494 1139 1568 inspiciat,
1208 1512 1243 1558 aa

163 1565 206 1618 tio
224 1565 369 1618 Lambini.
401 1513 477 1648 {uia
491 1574 587 1617 tamen
603 1568 680 1619 Vett.
739 1563 863 1620 everha
882 1565 1021 1638 cogitare
1037 1567 1241 1620 natanto.V.

112 1637 119 1649 ⁸
161 1632 246 1686 Lihb.
262 1651 295 1687 co
320 1634 411 1698 nata,
431 1632 684 1686 nihil'eertiusvel
717 1639 753 1694 V.
770 1636 930 1687 Burmann.
947 1629 986 1684 ad
1000 1632 1105 1698 Vellej.
1124 1634 1242 1688 Patere.

161 1700 225 1773 i'pio
237 1701 307 1754 Lam
331 1702 381 1755 ino
396 1701 511 1768 judice,
531 1717 618 1772 quam
637 1718 681 1753 re·
717 1705 745 1756 l..
768 1721 793 1755 a.
824 1717 888 1771 cap.
907 1702 944 1756 13.
973 1699 1004 1752 in
1020 1699 1100 1770 line.
1122 1710 1152 1755 et
1168 1704 1245 1757 'Por-

157 1768 348 1822 'scribendum
365 1772 418 1823 elle
436 1776 554 1824 conata·
568 1768 680 1822 Caesar.
716 1770 817 1825 renius
827 1771 862 1824 ad
871 1769 968 1823 Valer.
978 1768 1096 1822 Maxim.
1112 1769 1174 1826 as.
1185 1787 1241 1824 aa.

160 1836 191 1888 1..
212 1855 233 1887 ι.
252 1838 326 1891 Bell.
345 1839 420 1891 Gall.
437 1856 461 1891 e.
477 1838 501 1891 3.
532 1835 683 1909 Perfacile
716 1841 750 1892 E.
762 1859 784 1891 1.
796 1836 868 1893 Mihi
881 1835 975 1889 minus
992 1834 1104 1889 arridet
1118 1843 1240 1895 conata.

153 1903 242 1975 sactu
264 1923 327 1961 esse
347 1904 413 1961 illis
441 1905 552 1979 probat
579 1917 682 1960 conata
715 1905 797 1961 Leid.
812 1906 907 1961 Oxou.
927 1901 1005 1958 Voss'.
1020 1903 1060 1956 A:
1071 1907 1106 1959 Β.
1124 1907 1156 1961 C.
1171 1924 1206 1961 ca
1230 1942 1242 1953 -

159 1972 312 2045 perficere.
334 1975 437 2042 Vellei.
455 1974 597 2029 Patereul
609 1975 639 2026 L.
649 1994 680 2027 n.
716 1978 793 2031 nita.
813 1991 870 2047 pro
883 1968 999 2028 callida
1014 1973 1092 2027 Voll.
1112 1973 1146 2027 A.
1168 1994 1186 2030 c
1220 1978 1243 2031 i·

160 2059 223 2114 cap.
241 2059 273 2111 aa)
306 2042 439 2099 Privatis
455 2052 488 2098 ut
509 2042 614 2116 opibus
636 2044 682 2096 ita
716 2044 768 2100 da.
796 2045 861 2101 Val.
896 2040 1037 2096 Maximus
1065 2041 1122 2094 fine
1148 2042 1242 2100 dubio

160 2109 300 2166 consiliis
314 2130 432 2185 magna
449 2130 540 2167 ausus
558 2111 680 2182 magni·
716 2110 990 2166 nostrumimitatus
1013 2108 1046 2161 L.
1060 2128 1101 2162 11.
1130 2128 1194 2184 cap.
1213 2115 1242 2168 6.

152 2178 273 2251 ficeque
287 2190 397 2236 conata
413 2186 579 2241 exsecutus,
612 2183 698 2245 Sue„
716 2182 767 2232 Ex.
787 2199 808 2233 1.
835 2179 907 2233 dicit
927 2176 1005 2251 quod
1028 2195 1079 2231 eos
1103 2175 1243 2252 (Sparta

20 2302 23 2310 ,
106 2257 221 2303 ..tom
241 2250 273 2301 in
289 2249 382 2302 Galba
401 2267 463 2320 cap.
486 2265 526 2313 17.
556 2244 680 2301 Facilio·
718 2249 790 2315 nos)
808 2267 869 2303 non
880 2245 1003 2316 frustra
1020 2244 1160 2304 timuisse
1177 2247 1244 2304 dux

159 2334 223 2370 rem
239 2317 427 2372 occasionem
446 2319 492 2370 M.
516 2313 622 2368 Saluio
642 2313 680 2369 0-
716 2318 851 2389 ipsorum
881 2313 1058 2372 Pausanias
1086 2315 1240 2388 patefecit.

85 2399 91 2404 ·
159 2378 247 2439 ilioni
266 2383 407 2456 praebuit
429 2382 680 2455 perficiendi-co-
716 2383 766 2438 sed
784 2386 944 2456 elegantius
961 2385 1057 2437 tamen
1076 2387 1178 2458 Nepos
1199 2384 1243 2441 di·

159 2462 236 2506 nata.
252 2455 385 2519 Juvenal.
400 2454 545 2523 satyrii.
716 2453 756 2505 eit
771 2458 910 2528 'cogitata
927 2450 1076 2526 patefecit.

738 2523 807 2576 Non
823 2523 905 2580 enim
922 2538 1022 2576 mores
1035 2521 1152 2593 patrios
1168 2520 1242 2586 ete]

193 2590 275 2644 Nam
294 2586 390 2644 scelus
407 2591 492 2644 intra
510 2607 541 2645 se
554 2589 681 2643 tacitum
714 2589 791 2644 Vide
815 2589 910 2648 Valer.
930 2592 1036 2644 Max..
1050 2584 1076 2652 i,
1096 2591 1123 2653 6,
1147 2609 1172 2642 1.
1187 2591 1243 2644 uhi

226 2659 277 2730 qui
289 2660 405 2743 cogitat
421 2655 526 2721 ullum,
714 2661 883 2713 Pausaniam
895 2655 1244 2737 fortitudinemoiuamef-

109 2760 119 2790 ·¹
163 2776 165 2785 ,
194 2726 276 2782 Facti
290 2745 405 2784 crimen
422 2725 524 2794 habet,
544 2723 682 2793 cedo‚si
712 2727 875 2780 foeminato
907 2727 985 2780 cuitu
1016 2725 1148 2778 mollnlie
1187 2727 1241 2780 ait.

206 2807 331 2871 seonata
346 2794 486 2871 peregit?
509 2793 604 2849 Gebh.
717 2794 870 2851 Gallioni.
891 2793 972 2849 lade
986 2791 1180 2851 Themistocl.
1193 2812 1241 2868 ep.

220 2873 230 2882 ’
335 2911 339 2922 ,
406 2890 411 2897 «
715 2883 739 2918 a.
758 2875 787 2917 et
803 2869 844 2932 14.
879 2863 984 2937 quibus
1003 2861 1161 2915 Pausaniae
1183 2863 1242 2920 hac

159 2932 208 2985 Sir
233 2948 249 2984 a
270 2930 436 3002 Thucydide
461 2930 630 2987 Lambinus
651 2940 681 2984 ot
715 2933 807 3007 ipsum
822 2933 1028 3005 exprobratur.
1047 2929 1169 2986 Rosius.

159 2997 209 3052 diu
227 3011 293 3052 ante
309 2999 406 3054 Editio
424 3000 613 3065 Ultraieatina
630 2998 681 3068 [rt
759 3001 839 3058 Veste
847 2996 966 3065 Meri]
983 2999 1007 3051 Ι.
1026 3015 1052 3050 e.
1068 2999 1180 3054 Persica
1201 2998 1243 3052 Α.

158 3065 232 3134 Ga]
259 3067 317 3121 Alii
333 3069 444 3122 malunt
457 3074 586 3134 conata3
605 3085 679 3141 quos
713 3069 792 3122 then.
814 3089 854 3135 ra,
870 3091 896 3139 o.
916 3068 1091 3128 Παυσανίας
1110 3067 1243 3122 notai&-

110 3205 112 3209 .
158 3118 298 3202 adiuvare
322 3136 438 3190 uidetur
458 3134 531 3190 God.
554 3138 628 3193 Dan.
650 3135 680 3187 in
713 3155 796 3201 μενος
814 3143 866 3195 τὸν
886 3136 1015 3202 πάτριον
1030 3135 1167 3205 τρίβωνα
1187 3133 1244 3203 τήν

157 3220 217 3275 ‹fuo
234 3203 290 3259 tuit
310 3225 343 3260 co
368 3211 451 3261 nata.
479 3204 580 3259 Noiiar
602 3213 679 3257 utra·
714 3209 857 3278 περσικήν
875 3208 1033 3263 Maelianae
1047 3203 1240 3278 seiriu‘apud

157 3223 404 3398 sainna
430 3271 682 3400 “saturat
713 3273 1269 3402 ¹23330reaaa.a:tt²at‘

124 3435 127 3439 v
156 3406 254 3463 Index.
266 3379 360 3466 Sedci
370 3383 679 3498 Thucydidesitrique
714 3363 867 3485 gareliani:
875 3366 1072 3471 ’Ldmbinun-
1083 3361 1240 3466 Saleiitilli

147 3477 245 3530 iavet.
281 3481 380 3535 Priori
398 3481 515 3552 quidem
542 3483 573 3537 in
602 3484 678 3538 illis:
715 3481 918 3558 eius‘gentis,
955 3481 1036 3555 cuius
1082 3478 1189 3532 retiam
1206 3494 1241 3532 aa

157 3544 296 3602 κατέχειν
314 3549 366 3617 τήν
393 3551 532 3607 citaverat>
551 3549 585 3602 ia
612 3548 679 3620 ἡδύ·
714 3549 804 3609 studia
819 3562 1009 3628 aucupantur,
1027 3495 1241 3618 veiitumquo·

157 3628 241 3669 νατο.
259 3615 350 3672 Alteri
365 3638 437 3675 vero
454 3619 525 3675 istis:
546 3618 614 3674 ἀλλ’
634 3620 679 3688 ἔρ-
715 3638 773 3692 que
807 3634 893 3698 atque
928 3619 1060 3676 habiturn
1088 3617 1242 3678 aliumue,

159 3700 224 3753 potr
253 3683 387 3753 βραχέσι
425 3687 561 3758 aspidalis
592 3686 611 3743 ἃ
643 3690 682 3761 τῇ
717 3691 843 3759 deindo,
872 3691 908 3744 ad
931 3706 1006 3763 quos
1031 3686 1128 3739 animo
1149 3681 1244 3737 desei-

159 3752 560 3823 γνώμῃμειὲόνωεὲσέπειτα
575 3755 681 3824 ἔμελλε
713 3773 837 3826 verunt,
865 3761 944 3817 cultu
969 3772 1097 3830 quoque-
1112 3749 1241 3838 depene-

160 3816 295 3891 πράξειν.
331 3827 414 3881 Libri
438 3828 535 3882 tamen
558 3836 587 3881 et
614 3829 688 3884 edd?
713 3851 791 3889 raro.
810 3835 854 3887 Da
879 3823 1055 3883 Germanico
1079 3823 1241 3884 Taciturn,

160 3894 274 3943 vetares
291 3911 408 3961 omnes,
424 3896 678 3985 unoPanielisex.
714 3903 750 3960 A.
769 3904 812 3984 59,
832 3919 856 3957 a.
884 3895 1020 3978 Valerius
1027 3893 1054 3976 33
1070 3895 1097 3957 6,
1115 3902 1147 3978 ¹.·'
1159 3887 1238 3957 aar.

51 4020 55 4024 -
160 3961 563 4110 altaaltaaaa.
584 3969 680 4094 aaa
714 3953 1241 4094 {iarutattartaa

161 4096 198 4149 ad
212 4110 247 4148 ro
263 4101 408 4168 cogitata,
427 4124 512 4175 quam
532 4107 568 4160 ad
584 4107 619 4160 τὸ
633 4125 679 4164 co·
714 4126 778 4164 rem
793 4124 825 4162 se
836 4105 1016 4180 adepturum
1031 4100 1239 4163 existimasse,

161 4173 235 4224 nala
252 4167 369 4224 accedit,
385 4173 503 4247 Hosius.
525 4176 557 4232 si
576 4174 679 4233 ruico·
714 4178 743 4235 si
769 4175 878 4252 virtum
904 4173 1009 4232 eorum
1033 4175 1063 4228 ci
1089 4164 1241 4228 toletum
