2594 4644
1135 64 1141 93 l

233 275 754 373 sitientissime
800 278 890 341 Car.
914 277 960 340 11.
1057 278 1146 358 too

60 408 1140 459 -r--·-·-··-'-·*·-··-···--·-··-·-·········

52 499 154 561 nibus
181 497 340 562 venaticis
369 495 535 567 exierunt,
576 491 663 567 retia
688 480 860 566 serentes,
891 496 1024 559 ,vestitu
1051 513 1145 578 agre·

10 588 17 603 ⁸
54 605 118 677 sti,
162 624 227 687 quo
262 603 389 664 minore
428 587 614 685 suspicione
650 599 798 678 facerent
825 600 899 662 iter.
952 603 1017 700 Qui
1032 576 1146 688 *quum

53 724 208 794 tempore
236 710 337 794 ipso,
388 727 454 792 quo
475 707 681 806 studuerant,
723 707 971 792 pervenissent,
1014 708 1145 802 domum

52 816 216 879 Charonis
251 816 472 888 devenerunt,
522 833 541 874 a
578 833 641 897 quo
679 824 712 875 et
748 808 874 898 tenipus
912 828 944 877 et
973 815 1044 881 dies
1073 831 1171 880 erat'

53 922 167 985 (latus.
782 940 785 945 ·

51 1102 99 1158 ἔτι
115 1097 230 1170 ἡμέρας
246 1094 324 1168 iens,
345 1108 375 1154 et
383 1103 451 1155 aiire
462 1099 501 1154 ob
515 1106 583 1155 ven·
617 1100 1142 1174 nullamutationeopustttuseodem

52 1182 117 1226 tum
134 1181 163 1224 et
175 1172 272 1223 nivem
289 1170 393 1222 mutari
411 1169 582 1242 incipiente,
617 1169 982 1235 verbomoxe.3,1.Bos.
1011 1171 1142 1231 Verbum

53 1255 153 1312 eoque
189 1238 317 1310 larisque
334 1237 443 1291 civium
456 1238 487 1291 in
497 1236 583 1293 aedes
618 1237 815 1302 deverterunt,
828 1236 1140 1308 quodinedit.Lambi.

53 1256 187 1362 enosch
218 1305 412 1378 tempestatem
442 1306 583 1361 reversis.
618 1303 1080 1379 nilegitur,satistiefeudi,facile
1102 1326 1141 1363 ue

53 1375 184 1432 Rosius(
199 1374 275 1428 Plut.
291 1373 326 1426 de
343 1375 474 1427 Socratis
487 1375 582 1428 Genio
617 1371 729 1431 admitti
738 1375 839 1447 pollet,
857 1372 924 1427 vide
935 1375 1098 1430 dehoever
1121 1396 1140 1432 o

53 1445 189 1499 Tomll.
229 1458 273 1512 ag.
284 1444 342 1509 576.
364 1443 448 1496 latius
459 1459 520 1494 rem
535 1439 581 1495 de·
616 1443 714 1499 Burin.
727 1443 764 1497 ad
773 1443 909 1496 Ovidium
928 1444 1026 1498 hibm.
1037 1444 1137 1501 Amor.

53 1512 169 1567 scribit.
207 1461 327 1586 Fortem
354 1511 489 1565 exissent
506 1539 582 1552 -·-
616 1512 660 1564 El.
674 1516 700 1567 6.
717 1531 759 1566 vs.
770 1528 797 1578 t).
817 1510 865 1565 sed
885 1528 994 1576 omnes,
1012 1516 1140 1585 quosin-

27 1640 32 1649 ,
53 1581 199 1637 exierunt
217 1583 310 1634 minus
335 1579 491 1650 eleganter.
524 1574 582 1632 Sed
616 1583 695 1651 spexi
719 1580 841 1635 Codices
858 1577 1040 1636 devenerunt
1060 1583 1139 1636 exhi·

53 1649 127 1703 talia
144 1648 174 1700 in
191 1649 293 1701 Nostro
313 1646 580 1720 pallimohjiciun·
614 1647 696 1702 bent.
727 1666 783 1720 pro
805 1647 956 1710 Charonis
975 1650 1051 1704 toll.
1068 1650 1141 1706 het

53 1714 341 1772 tur-Tzsehuckius.
363 1735 389 1767 v.
407 1732 495 1786 supra
511 1711 581 1782 adp,
616 1717 649 1768 B.
677 1715 815 1772 Coronis.
848 1719 903 1770 llic
923 1717 1039 1770 domum
1060 1737 1141 1773 suam

57 1803 84 1853 r,
101 1803 125 1840 n.
147 1786 192 1838 Ita
205 1802 370 1857 moxquum
378 1784 582 1856 peruenissent
614 1785 819 1857 praebiturum
832 1801 863 1838 se
882 1787 1069 1858 promiserat,
1090 1785 1140 1843 sed

53 1882 90 1897 ·-
104 1880 139 1894 -
152 1851 348 1919 devenerunt,
365 1862 394 1905 et
405 1869 435 1917 17
458 1853 485 1916 8,
499 1851 579 1923 3.fa·
616 1869 662 1906 res
680 1854 743 1925 ipsa
768 1853 930 1906 clanculum
961 1865 1141 1928 pertractata

52 1939 109 1986 vua
137 1939 225 1994 quum
260 1917 480 1990 essetperlata,
498 1949 582 1962 --
615 1919 710 1974 fuerat
722 1921 977 1976 anteainaedihus
988 1925 1138 1977 Simmiae.

54 1996 303 2046 munero-sunt
318 1987 426 2043 allato.
448 1991 583 2044 l’roerat
615 2007 644 2041 v.
659 1990 734 2042 Plut.
758 1991 839 2042 Tom.
859 1991 897 2044 ΙΙ.
914 1988 949 2044 de
969 1992 1064 2045 Genio
1083 1994 1140 2047 So·

54 2057 121 2116 dux
131 2061 185 2123 hx.
208 2060 263 2112 Gu.
285 2059 339 2113 Ult.
358 2055 422 2110 cluse
434 2062 531 2116 erat]
617 2057 704 2110 eratis
721 2071 789 2131 pag·
799 2059 860 2126 576.
878 2060 928 2113 uhi
943 2060 1027 2132 plura
1037 2057 1149 2129 eahae.

72 2129 211 2200 'lp-452.)
236 2127 463 2200 Vesperoseente
480 2119 582 2190 coelo]
605 2125 737 2185 -Simmia
760 2137 789 2179 et
812 2124 964 2192 charone,
995 2126 1045 2201 qui
1063 2128 1138 2183 Sim·

53 2195 172 2266 Crebro
192 2194 228 2249 ad
248 2193 279 2248 id
303 2211 383 2248 exem
404 2194 464 2246 lum
486 2194 580 2266 loqui·
615 2193 760 2249 miae-fuit
774 2193 845 2248 disci
871 2196 1091 2253 ulussssocratis.
1109 2216 1138 2252 v.

51 2262 320 2345 turTaeitnshib.
338 2281 361 2317 1.
380 2213 581 2317 hunulcoh.
614 2278 681 2386 pag.
700 2262 761 2319 588.
785 2274 813 2317 et
858 2263 1138 2336 eCharonepluri·
1168 2320 1171 2325 ,

51 2329 580 2406 Enisoequelegionesvesperasccn·
637 2349 670 2384 us
687 2331 763 2385 Plut.
775 2349 847 2404 pag.
859 2333 919 2392 282,
929 2333 988 2387 283.
1005 2350 1065 2402 nno,
1077 2351 1138 2400 aer.

50 2410 83 2456 te
100 2398 151 2456 die
167 2402 201 2456 in
217 2407 363 2475 operteat
383 2397 493 2454 solido.
513 2398 579 2452 Lib.
617 2401 691 2464 [Gu.
714 2401 769 2455 Ult.
789 2395 979 2457 devenerunt.
1007 2401 1060 2456 hx.
1081 2403 1149 2458 Gn„

52 2470 98 2524 1⁶.
116 2470 235 2542 capha.
259 2469 335 2523 llam
356 2466 397 2521 od
412 2464 581 2522 Thraseam
618 2462 776 2534 Coronis]

48 2537 88 2595 in
122 2535 220 2594 hortis
251 2543 393 2611 agentem
432 2534 582 2612 Quaestor
856 2586 858 2590 ,
932 2573 936 2580 .
989 2581 992 2587 ,

48 2602 191 2661 consulis
220 2607 329 2662 missus
359 2615 584 2676 vesperascente
660 2604 686 2659 Α
708 2623 765 2677 quo
784 2612 814 2661 et
834 2599 969 2679 tempus]
995 2602 1139 2682 Quidsibi

56 2671 188 2730 'amilio
208 2673 273 2728 Lib.
289 2692 313 2727 n.
333 2673 438 2726 Hister.
456 2690 520 2745 cap.
536 2677 580 2740 lp).
615 2675 678 2727 vult
693 2685 721 2726 et
744 2681 861 2745 tempus
878 2685 905 2726 ct
923 2673 1008 2728 dies?
1042 2689 1140 2726 nonne
1241 2705 1244 2711 -

82 2753 288 2812 concrescente
301 2739 351 2796 die
366 2742 455 2796 sitem
470 2741 581 2796 haustu
606 2740 693 2795 ,idem
701 2753 766 2796 sunt
775 2749 892 2814 tenipus
901 2753 929 2795 et
939 2739 1025 2800 dies?
1041 2751 1157 2810 ulrum.

48 2807 179 2887 gelidae
192 2808 421 2881 aquoesedavit.
440 2813 529 2863 Forte
541 2810 580 2862 ita
615 2818 728 2882 tempus
745 2808 803 2862 diei
821 2809 981 2884 signifieat,
1001 2827 1037 2863 an
1048 2807 1146 2864 annii

32 2877 247 2951 'corrigendus
267 2877 414 2936 Sallustius
431 2877 460 2931 in
475 2879 579 2950 Jugur·
614 2879 657 2931 lta
683 2877 868 2935 Lambinus:
891 2879 978 2950 plane
1002 2875 1139 2932 ridicule.

47 2946 147 3002 thino:
167 2943 278 3020 Etjam
286 2945 351 3003 <lies
366 2953 579 3018 vesperasceret.
615 2947 744 3018 Tempus·
759 2948 836 3000 enim
852 2945 910 3000 diei
928 2947 1072 3019 intelligi,
1087 2964 1140 3017 po,-

49 3013 143 3086 vulgo
159 3014 277 3069 editum:
287 3015 327 3070 Et
335 3011 406 3089 jam
417 3013 467 3070 ilie
480 3032 582 3088 vesper
615 3023 691 3067 terat
706 3031 740 3067 ex
756 3012 908 3071 antecedd.
923 3014 1054 3070 disceres
1074 3033 1143 3077 eum

49 3089 133 3140 erot-
155 3082 249 3137 Gebh.
615 3090 750 3156 tempore
772 3085 855 3157 ipso,
876 3100 932 3154 quo
949 3082 1141 3147 studuerant,

89 3147 580 3226 (iuostndnerantffiuhaudiper-
615 3153 829 3226 pervenissent.
844 3153 964 3217 v‘Seuius
984 3152 1074 3224 igitur
1093 3151 1142 3219 cli,

49 3221 163 3289 venire.
182 3221 232 3274 Sic
251 3232 279 3274 et
297 3226 343 3289 14,
359 3226 386 3284 it,
400 3226 426 3282 4.
446 3221 512 3273 Non
528 3219 580 3292 igi·
617 3231 645 3273 et
665 3219 760 3283 diem,
786 3232 814 3275 et
831 3232 943 3294 tempus
959 3220 1017 3274 diei
1032 3220 1141 3276 Charo·
1225 3258 1227 3262 1

50 3297 104 3341 tur
123 3304 197 3360 opus
222 3289 374 3362 corrigere
399 3293 579 3344 statuerant.
616 3305 682 3341 nem
698 3287 877 3363 significall‘e.
910 3290 969 3344 Nec
985 3289 1141 3344 maletem·

50 3353 164 3411 Belius.
616 3373 671 3428 pus
688 3367 716 3410 et
732 3354 797 3414 dies
809 3373 935 3430 exponas
945 3367 1058 3430 tempus
1068 3354 1140 3421 diei,

81 3422 379 3479 Domum'Choronis
389 3417 582 3495 devenerunt]
616 3443 672 3496 per
687 3424 824 3500 figuram,
834 3443 920 3499 quam
930 3426 1036 3479 Graeci
1052 3424 1141 3480 ivord

51 3486 173 3546 Charon
198 3502 294 3547 autern
318 3503 424 3576 potens
447 3504 476 3547 et
499 3491 581 3546 dives
617 3495 703 3547 oveto
718 3504 835 3549 vocant.
877 3490 1005 3567 Tempus
1031 3511 1144 3568 oppos«

51 3558 113 3633 {isit
133 3559 259 3622 Thebis,
278 3578 328 3632 qui
345 3559 463 3614 domuin
480 3559 581 3626 conju·
616 3560 769 3631 tunitatern
783 3562 991 3636 interpretari,
1010 3563 1066 3616 hoe
1078 3562 1144 3649 ‹gui-

18 3660 23 3665 -
51 3628 126 3682 ratis
152 3627 322 3695 obtulerat,
347 3638 375 3682 et
392 3626 428 3680 ad
449 3628 581 3682 Plataeas
617 3626 682 3683 dem
697 3629 784 3696 loco,
804 3634 878 3703 opus
893 3630 1140 3689 nossessiones.

51 3694 185 3750 feliciter
206 3705 398 3770 pugnaverat,
433 3693 478 3748 Aa
495 3712 582 3769 quem
616 3699 700 3753 Hune
723 3695 865 3773 loquendi
896 3697 1014 3763 modum
1039 3711 1144 3756 contro

54 3763 143 3818 e'tiam
176 3764 347 3819 Leuctricae
379 3780 494 3836 pugnae
520 3762 581 3817 lau·
616 3765 789 3820 Lambinum
804 3764 935 3821 defendit
950 3767 991 3823 Cl.
1001 3770 1141 3823 Burman·
1177 3785 1179 3789 ’

48 3828 121 3885 alem
135 3828 313 3887 Meneclides
324 3829 581 3887 oratorinvidiose
604 3849 670 3890 ‘nus
685 3832 720 3888 ad
762 3833 926 3890 uinctilian.
957 3834 1144 3892 Lib.3.1n-

51 3896 262 3965 transferebat.
270 3898 457 3958 Plutarchus
466 3911 580 3954 auctor.
616 3902 703 3957 titus.
714 3905 797 3958 Orat.
812 3906 913 3986 caph.
933 3903 1145 3964 Hicetinmlu·,

41 3964 226 4043 Belgium..
241 3968 389 4027 Lambini
405 3968 514 4037 judicio
533 3985 582 4022 ve·
616 3988 705 4026 venes
721 3971 858 4026 rnonendi
879 3983 964 4037 sunt,
981 3989 1067 4042 saepe
1084 3971 1142 4026 Ad.

52 4039 157 4092 rasori
180 4037 291 4091 turaest
300 4035 580 4110 deverterunt5quo·
616 4038 722 4104 jectiva
740 4057 804 4092 curn
827 4038 970 4114 proximis
985 4040 1141 4096 substanti·

51 4104 144 4161 modo
157 4056 267 4162 1ilieero
278 4125 335 4179 pro
349 4109 584 4175 Deiotarmeum
619 4107 664 4162 vis
696 4107 876 4174 convenire,
913 4108 980 4162 vide
1004 4107 1167 4174 Eruditos,

51 4170 183 4234 domum
200 4173 286 4251 regis
305 4171 488 4260 denumerat.
524 4172 585 4233 sad
617 4175 781 4255 Lipsienies
797 4177 829 4235 in
837 4176 997 4261 hetis‘suis'
1002 4179 1045 4232 Μ.
1056 4174 1145 4251 hprt-

1064 4458 1071 4490 x
1100 4439 1109 4449 .
