2594 4644
293 194 352 305 iv.
393 188 756 337 Pausanias.
799 241 966 304 cnam
1116 244 1174 307 aa

104 372 1168 407 ..W—mmm.

84 447 132 509 -8i
155 446 299 519 fecerit,
342 446 462 509 nullius
491 446 541 508 rei
569 467 588 508 a
616 467 651 508 sc
681 428 844 530 repulsam
870 448 1019 511 laturum.
1067 446 1213 531 Hujuso

97 540 266 614 'raamias
295 553 459 616 voluntate
480 553 626 636 cognita,
670 551 807 619 alacrior
834 555 874 616 ad
902 576 972 617 rem
1000 555 1175 638 gerendam

99 659 223 732 laetus,
273 657 309 719 in
345 659 564 743 suspicionem
599 657 719 722 cecidit
752 659 1091 723 Lacedaemoniorum.
1139 664 1176 747 ln

100 766 156 847 'qno
183 764 274 825 sacto
304 763 432 825 domum
460 781 655 840 revocatus,
699 780 864 830 accusatus
894 766 1026 850 eapitis,
1069 765 1174 828 absol-

99 869 197 941 vitur,
240 870 392 932 multatur
426 884 532 932 tamen
566 872 728 956 pecunia:
770 891 865 956 quam
892 869 934 932 ob
963 890 1108 932 caussam
1136 869 1176 933 ad

94 975 231 1038 'chocem
258 975 414 1038 remissus
442 996 508 1039 non
536 991 597 1039 est.

97 1172 177 1239 Voss‘.
193 1182 230 1236 Β.
252 1180 328 1246 [Gn.
345 1183 404 1238 Ult.
419 1185 478 1239 Pro
495 1181 617 1256 pollice·
654 1183 735 1258 ipse,
755 1179 1176 1256 neeThueydides·quidqua1n

92 1258 141 1307 ur
162 1250 224 1305 Ult.
241 1248 451 1322 polliceretur,
478 1253 539 1307 sed·
552 1254 618 1308 aliis
653 1251 781 1306 tradunt.
813 1251 993 1322 Thucydides
1005 1251 1175 1315 tantum-ait,

93 1316 181 1373 etiam
211 1317 287 1372 loeis
318 1319 472 1373 Cornelius
500 1321 618 1375 infiniti·
654 1338 719 1374 eum
736 1320 860 1393 privatis
879 1318 1052 1393 quibusdam
1076 1318 1174 1372 crimi-

93 1392 164 1441 vum'
187 1385 219 1439 in
250 1385 372 1459 obliqua
397 1389 533 1444 oratione
559 1407 618 1443 non
653 1388 744 1442 nibus
763 1388 999 1445 condemnatum,
1021 1387 1178 1441 amaximis

92 1448 242 1526 refugia]
653 1456 827 1511 absolutum.
845 1457 917 1510 Bos.
935 1454 1014 1510 Laid.
1026 1453 1175 1512 Lacedae-

111 1516 286 1597 refecerit]
303 1520 468 1576 Dau.Leid.
480 1525 617 1578 etBoecl.
654 1525 775 1589 monio,
785 1544 842 1598 pro
852 1522 1174 1581 Lacedaemoniorum.

94 1587 314 1663 sipersecerit,
341 1589 420 1661 quod
445 1607 459 1642 e
484 1592 618 1664 proximo
655 1590 734 1660 [Pro
753 1593 790 1649 ln
827 1589 959 1660 uosacto
975 1593 1031 1650 Ult.
1054 1591 1176 1668 Quosn-

94 1656 286 1729 reficienda
298 1667 397 1711 natum
410 1657 537 1713 videtur.
554 1660 620 1715 heic
656 1668 721 1725 cto,
747 1609 828 1735 quod
851 1661 959 1735 Nepoti
984 1661 1176 1734 frequentilli-

94 1740 175 1783 certe
187 1725 449 1791 loeumvixhahet,
468 1745 533 1781 nam
541 1726 622 1799 quod
655 1746 733 1781 mum
749 1729 803 1795 est,
822 1751 849 1784 v.
868 1728 931 1796 lud.
949 1749 977 1785 v.
999 1729 1059 1796 lio,
1082 1745 1177 1802 neque

92 1796 203 1851 xerxes
238 1792 416 1866 pollicetur,
454 1795 622 1848 Pausaniam
656 1798 693 1850 ah
706 1797 765 1851 hec
780 1797 848 1852 loeo
865 1794 1014 1866 alienum]

94 1862 210 1921 nullius
225 1863 271 1919 rei
284 1881 302 1917 a
323 1880 354 1917 se
371 1861 525 1934 repulsam
542 1860 621 1939 latu-
706 1864 861 1921 Multatur
896 1873 999 1922 tamen
1032 1866 1177 1939 pecunia:

95 1948 182 1997 mm,
200 1930 231 1985 id
250 1949 309 1985 non
325 1930 526 2004 accipiendum
540 1930 622 1985 elide
657 1950 747 2005 quam
768 1933 804 1988 ob
821 1951 961 1990 caussam
985 1933 1026 1988 od
1050 1931 1178 1988 classem

116 1999 236 2071 raemiie
249 1997 288 2052 ob
304 1997 452 2070 pemecta,
472 2017 547 2073 quae
578 1996 618 2054 ol·
656 2003 801 2057 remissus
819 2002 959 2065 nonest]
984 2001 1177 2055 Animadver·
1212 2025 1216 2036 ·

94 2018 199 2129 licitus
218 2073 294 2131 erat,
311 2067 489 2141 largiendis3
519 2017 575 2124 secl
586 2068 621 2121 de
655 2070 849 2134 tis,multatos
866 2068 1083 2125 Lacedaemone
1102 2069 1177 2122 insa.

96 2137 223 2202 auxilio,
257 2134 337 2207 quod
361 2154 413 2189 rex
433 2138 622 2209 praestiturus
656 2137 714 2192 mia
739 2137 815 2192 haud
837 2155 963 2202 carere,
990 2146 1085 2210 eoque
1112 2138 1178 2210 ipso
1270 2190 1272 2196 .

96 2215 159 2261 erat
196 2207 225 2260 sl
256 2211 366 2267 areret,
387 2221 462 2278 quae
479 2207 539 2258 Rex
557 2206 620 2259 lieri
656 2205 789 2260 mandata
804 2206 959 2280 provincia
975 2205 1030 2269 five
1052 2206 1179 2280 imperio

95 2242 227 2340 roleitat,
257 2288 309 2326 .e.
328 2272 352 2327 si
371 2271 509 2329 uullt‘rei
522 2293 623 2347 parce·
659 2274 811 2340 excidere,
830 2293 883 2330 nce
899 2294 959 2330 non
980 2275 1093 2348 patria3
1121 2275 1178 2327 nisi

97 2350 163 2407 ret,
181 2358 325 2413 aenoque
348 2353 435 2395 noete
457 2359 553 2414 neque
577 2341 623 2395 die
659 2359 722 2396 eam
747 2343 846 2415 insigni
870 2344 949 2397 facto
975 2343 1120 2397 maritove
1134 2359 1179 2396 re-

97 2411 280 2484 quieseeret‚
312 2407 353 2463 ad
369 2429 405 2465 ea
424 2409 622 2482 perficienda,
659 2411 846 2482 cuperallent.
877 2413 1038 2482 Polyaenus
1061 2407 1082 2464 l.
1103 2428 1127 2466 a.
1149 2410 1180 2465 in

115 2497 173 2535 uae
180 2477 392 2552 pollicebatur.
402 2479 451 2532 Sic
461 2479 538 2531 enim
546 2477 623 2551 apud
659 2478 801 2531 Cleareho
824 2480 902 2533 Gom
920 2497 946 2546 7.
964 2478 1127 2546 Κλέαρχος
1146 2477 1179 2532 ά-

96 2496 305 2619 l'tucy'dtdem
335 2544 434 2610 (unde
462 2546 533 2599 haee
556 2564 621 2599 nar·
658 2546 812 2599 ποεάντων
830 2544 998 2602 Briantae
1016 2546 1180 2613 ἒηιηωθεδς
1226 2604 1231 2611 ‚

96 2617 174 2675 ratio
192 2617 319 2670 delumta
340 2614 394 2679 est.)
415 2618 538 2669 Xerxes:
563 2613 622 2667 Kal
654 2612 715 2668 ὑπὸ
733 2617 791 2667 τῶν
808 2614 942 2684 Epopea
957 2617 997 2668 eis
1013 2616 1180 2680 Adrapanan

97 2692 128 2739 σε
144 2682 220 2749 μήτε
234 2682 290 2746 νύξ
304 2683 373 2751 μήθ’
386 2681 484 2751 ἡμέρα
503 2681 621 2752 caraxe·
655 2682 847 2736 κατέπλευσε.
886 2682 1013 2737 Ibidem:
1048 2683 1179 2740 Zervae.

59 2771 62 2779 ’
96 2750 203 2807 cordiae
221 2753 335 2809 ἀνεῖναι
355 2753 502 2820 πράσσειν
517 2768 558 2814 τι,
575 2755 623 2804 ω”ν
658 2750 833 2805 eontanas
850 2748 1180 2821 ἒημιωθεὶςχρήμασιν

96 2820 321 2894 ὲιιοὶύπισχνῇ.
354 2821 624 2887 praetermeant
656 2817 1178 2892 aadtevepdpuvapnmomeerdn.
1219 2874 1221 2883 Ι

94 2891 216 2961 appone
235 2891 356 2957 δαπάνη
366 2888 622 2954 ueneldedmpn-
658 2889 829 2952 τομολῆσαι
841 2885 916 2958 πρὸς
929 2904 977 2940 ear
991 2887 1028 2942 Τε
1045 2885 1178 2942 ’edrard-

95 2959 126 3013 tt
145 2963 271 3030 spartes
299 2948 439 3025 adridet,
475 2958 555 3010 ἐὶποι
579 2958 625 3010 det
655 2906 1177 3029 ‘aonptednsuonNepesiniraro,nil,

95 3028 353 3101 παραγίγνεσθαι.
386 3025 469 3080 Unde
480 3025 559 3078 clare
574 3042 622 3097 ap·
659 3025 694 3078 do
710 3026 781 3079 Pelo
804 3022 868 3078 ida:
892 3023 1043 3095 Ideuesuo
1072 3027 1177 3087 riveto,

114 3108 196 3162 aret,
228 3115 287 3152 non
308 3095 427 3169 nuptias
448 3094 548 3157 filiae,
575 3103 624 3146 aut
658 3113 720 3150 non
737 3041 1104 3167 pullicoseciteonsiiio,
1122 3111 1178 3165 quo

93 3114 225 3221 lenones
244 3178 273 3220 et
289 3163 441 3239 praemia,
474 3179 550 3236 quae
571 3179 623 3215 rex
651 3163 738 3234 facto
765 3181 833 3221 eum
867 3160 1104 3221 Lacedaemonii
1139 3161 1179 3215 ab

92 3234 269 3300 Pausaniae,
290 3237 318 3289 si
330 3231 517 3307 perfecisset,
548 3249 624 3304 quae
659 3233 792 3287 exercitu
813 3237 1019 3296 removerunt,
1038 3232 1178 3304 pecunia·

93 3301 312 3379 pollicebatur,
338 3304 521 3358 concellurus
546 3301 622 3363 estet,
658 3318 712 3372 que
727 3301 906 3356 multarunt.
937 3299 1084 3363 Gebhard.
1105 3302 1176 3352 Pes·
1268 3304 1271 3311 ’

94 3371 147 3427 sed
162 3373 318 3445 pecuniam
333 3381 361 3424 et
376 3370 515 3434 militem,
540 3380 573 3423 ut
588 3387 622 3424 aa
657 3371 696 3424 sis
709 3379 805 3422 tamen
824 3381 852 3423 et
866 3368 933 3422 ideo
953 3367 1075 3425 militiae
1094 3383 1183 3440 prae..

94 3441 188 3513 pollet
203 3439 369 3505 perticere,
387 3439 534 3510 promitti.
561 3439 621 3492 Bo·
656 3438 799 3491 secturam
824 3435 979 3492 Pausaniae
1008 3436 1178 3507 abrogatam

94 3509 168 3565 sius.
192 3507 356 3581 Rerfecerit
377 3508 464 3562 etiam
483 3510 557 3565 Vols
584 3507 619 3562 Α.
657 3506 774 3571 dicere,
808 3523 844 3558 ne
870 3502 1016 3559 vindictae
1040 3503 1179 3576 cupidine

84 3576 129 3630 ‘B.
154 3579 233 3648 [Gn.
253 3579 311 3634 Ult.
332 3576 536 3632 Veriffimaest
551 3578 621 3630 Bre·
656 3574 811 3629 moliretur
836 3571 962 3646 aliquid,
988 3570 1130 3626 traductis
1146 3573 1180 3626 in

94 3645 147 3699 rnii
169 3645 353 3709 observatio,
379 3640 483 3706 fecerit
493 3644 523 3702 h.
533 3647 553 3699 1.
564 3663 620 3718 pro
657 3662 722 3699 suas
736 3653 835 3716 partes
853 3639 948 3714 copiis
970 3640 1177 3712 imperiosius

94 3732 112 3771 e
134 3717 297 3778 ecerit‚vel
310 3704 570 3785 perficerit,quod
591 3713 622 3769 in
656 3712 788 3768 adsuetis.
810 3708 1098 3793 Plerumqueenim,
1126 3710 1175 3791 qul

84 3785 211 3856 ¹aiquot
233 3783 324 3838 (lodd.
348 3783 474 3855 legitur,
501 3783 620 3847 dionem,
655 3781 710 3835 live
736 3781 799 3846 iure
824 3777 879 3832 live
906 3793 1013 3845 iniuria
1038 3774 1176 3842 damnati,

95 3869 191 3925 neque
205 3851 242 3905 ad
256 3854 349 3907 verba
371 3871 409 3908 ne
425 3852 473 3906 cui
490 3855 535 3909 rei
552 3870 620 3926 par·
655 3850 797 3903 ultionem
819 3846 876 3900 hoe
891 3845 955 3900 calu
979 3843 1114 3898 meditari
1129 3865 1175 3900 so-

97 3928 227 3977 cetrum
242 3921 327 3975 Bofio
343 3917 620 3988 referendumeae]
654 3917 724 3972 lent.
754 3914 895 3986 Exemplo
911 3912 1012 3969 Livius
1028 3912 1176 3972 Salinator

132 3990 170 4045 In
186 3989 294 4060 suspic.
311 3987 433 4054 cecidit]
451 3989 620 4045 decusatum
655 3986 692 4038 est
710 3983 787 4057 apud
805 3983 930 4043 Livium
942 3999 993 4055 27,
1012 3982 1056 4050 36,
1083 3993 1110 4038 et
1131 3987 1173 4054 la.

95 4057 411 4130 ess‘eaPeloponnefiis‚
432 4058 618 4114 scribitDio·
653 4053 792 4122 Bosius.⁸
887 4066 889 4071 '
960 4063 963 4068 “
1199 4083 1201 4088 ·
1270 4076 1278 4103 x

95 4124 187 4181 dorus
208 4143 240 4181 n.
277 4124 336 4184 Sed
366 4125 401 4199 de
428 4127 544 4197 mulcta,
564 4140 619 4181 nee
