2594 4644
76 358 78 364 .
150 294 211 374 372
384 287 687 352 conuenit
729 240 1049 348 nnecrts'

98 544 101 549 -
153 484 402 584 quasimaxime
429 508 497 557 tota
526 493 721 554 celebratum
752 504 803 553 est
830 491 978 554 Graecia.
1042 496 1173 553 lterum
1190 507 1231 550 ea·

31 649 33 655 ,
111 604 227 685 adem
261 603 348 666 belle
384 622 495 664 omncs
533 601 642 686 copias
679 618 791 660 eorum
826 599 960 682 fugarit.
1037 598 1123 696 Quo
1164 595 1233 660 iacto

152 832 264 888 siccate.
283 832 397 888 notate
411 833 484 905 :peip
510 829 621 900 ἄνδρας
639 831 670 886 ci-
706 831 751 892 32,
771 845 797 894 7.
816 838 1002 893 narraverat,
1020 828 1234 887 renormat

137 901 427 985 pertransactae
453 902 671 970 npaepiiteas,
707 905 835 952 tannum
853 895 964 953 Petilio
981 895 1126 959 Ceriali,
1145 895 1174 953 le
1210 902 1234 957 ,tc

42 974 44 979 ⁴
150 971 244 1026 vader
271 974 424 1025 πελταεών
450 970 595 1036 iniciens,
622 970 673 1022 not
708 965 840 1040 legionis
862 984 982 1034 nonae,
1013 968 1053 1021 in
1073 964 1164 1021 subs‘
1189 967 1234 1021 'un

90 1042 93 1047 '
149 1037 353 1107 μισθοφόρων
368 1039 611 1099 Acnriauzoviar.
707 1034 854 1088 veteranis
880 1035 1032 1087 coloniam
1067 1034 1233 1089 Camelaria-

186 1104 518 1176 Lacedaemoniorum]
544 1109 587 1160 lta
600 1116 629 1158 et
644 1122 672 1157 a·
707 1120 826 1158 nensem
835 1102 1037 1156 incolentibus
1051 1101 1234 1167 adventanti,

150 1174 204 1242 lii,
223 1193 289 1229 mox
304 1174 490 1239 nominandi,
511 1184 630 1247 praeter
641 1193 672 1225 u·
708 1171 847 1236 obviarn,
867 1167 990 1240 fudisse
1004 1168 1036 1227 le
1069 1174 1234 1235 'onem,et,

150 1262 219 1298 num
243 1243 453 1306 Pausaniam,
486 1243 535 1314 qui
562 1258 673 1294 moram
708 1188 1248 1314 quodpeditum,inter}{³cisse.1dn'

83 1356 86 1361 ,
150 1311 371 1383 Amyclaeorum
393 1329 409 1362 a
437 1308 673 1364 Lacedaemoniis
708 1327 772 1380 cap.
797 1309 890 1376 aaa,
910 1306 945 1360 de
963 1308 1108 1364 Cohorte
1124 1308 1234 1381 Usypie·

150 1378 556 1444 domumdimiss'orum,cajus
570 1389 598 1431 et
611 1377 672 1430 Xe·
707 1395 773 1429 rum
803 1375 929 1447 patriam
962 1384 1150 1445 repetentes
1188 1392 1234 1450 pec

150 1447 417 1521 nophon(Lih.1v.
435 1446 673 1519 Hell.pag.413.)
707 1440 918 1518 praedonibus·
930 1443 1054 1511 nobiti,
1072 1445 1234 1516 primumn

148 1516 290 1583 meminit,
308 1514 480 1568 trucidatam
492 1514 605 1569 scribit.
615 1513 676 1573 Bo:
710 1514 837 1576 Saeuis,
869 1531 943 1569 mcx
966 1531 987 1567 a
1012 1512 1130 1570 Frisiis
1155 1513 1233 1567 inter-
1277 1542 1280 1557 ·

48 1648 51 1655 ¹
149 1586 223 1641 sius.
417 1644 419 1649 y
708 1583 786 1655 cepti
803 1587 883 1635 sunt.
917 1581 1026 1637 Florus
1052 1583 1083 1645 ὅ,
1106 1586 1138 1650 4,
1161 1585 1189 1651 4.
1205 1578 1234 1635 ie

90 1673 94 1679 ·
186 1646 357 1731 interfecit]
376 1650 425 1706 Sic
437 1650 497 1704 ΜΠ.
515 1653 590 1704 Dan.
607 1651 671 1704 Put.
708 1648 887 1706 Scordiscis:
925 1651 994 1705 No'n
1010 1649 1113 1722 fusus
1130 1648 1234 1715 abhis,

150 1721 282 1782 Schotti,
300 1717 383 1772 Lctd.
399 1719 526 1790 itemque
534 1715 586 1771 Ed.
596 1721 671 1772 Ven.
708 1725 761 1774 aut
769 1716 917 1791 fugatus,
941 1717 996 1774 sed
1010 1719 1153 1775 omnino
1166 1725 1234 1775 tour

90 1810 93 1815 ·
149 1805 183 1844 ac
205 1789 307 1840 ultima
327 1786 427 1840 Boecl.
451 1797 481 1839 et
507 1803 522 1838 e
546 1786 613 1839 vetti
636 1786 672 1838 iis
707 1788 817 1843 interce
840 1784 1233 1859 tusecercitus,quemio

146 1855 280 1911 Bavarici
299 1874 322 1906 1.
341 1855 391 1926 qui
402 1852 541 1938 interfuit
555 1801 672 1909 crinic-
706 1864 796 1911 aerat
828 1856 1082 1912 ata.Dcnavihus
1091 1856 1234 1912 nocant·

147 1924 216 1989 bat,
237 1922 407 1996 Scioppius
420 1919 576 1979 oenstmit.
588 1927 616 1989 t,
628 1923 668 1977 18.
704 1923 829 1981 tustinus
838 1928 866 1992 4,
878 1941 902 1988 a,
920 1926 961 1978 16.
975 1941 996 1979 a
1011 1923 1233 1983 coeuntibusin

146 1990 350 2064 Videnturque
373 1991 474 2044 favere
494 1989 672 2045 Pausanias
705 2010 737 2047 se
749 1991 965 2065 promontoriis
978 1992 1090 2053 ltaliae
1107 1992 1233 2049 Siciliae·

146 2060 325 2123 Laconicis,
353 2059 517 2116 Aeschines
530 2057 673 2114 adversus
705 2078 761 2131 que
777 2058 878 2115 solida
897 2060 1040 2134 intercipi
1060 2056 1233 2134 absumitur

148 2128 395 2204 Ctesiphontem,
422 2125 608 2182 Plutarchus
633 2125 670 2181 li·
705 2128 842 2202 nauigia.
878 2131 922 2182 De
941 2132 1000 2182 uno
1023 2128 1155 2185 homine
1171 2132 1232 2187 Sue·

147 2193 220 2253 bro:
249 2195 420 2253 betlonean
436 2213 510 2266 pace
525 2193 671 2250 clariores
705 2196 802 2250 tonius
812 2195 891 2248 iulio
905 2213 970 2269 cap.
982 2214 1026 2249 ao.
1049 2196 1232 2273 intercepi&

138 2265 260 2340 fuerint
274 2265 493 2331 Athenienses,·
513 2264 669 2334 acprolixe
704 2283 814 2320 veneno
830 2261 960 2319 indicem
969 2262 1123 2322 creditur.
1140 2266 1236 2321 utca-

149 2334 322 2408 Xenophon
337 2332 408 2387 lu'st.
426 2332 476 2386 Gr.
492 2335 518 2398 4.
539 2331 589 2401 qui
609 2349 669 2384 om·
704 2333 778 2386 citus
804 2332 839 2385 de
865 2332 1020 2404 Agricola,
1049 2352 1129 2409 cap.
1145 2333 1232 2404 43st

146 2419 198 2457 nes
216 2404 367 2456 cohortem
380 2417 455 2465 eam,
473 2409 523 2451 aut
538 2415 670 2470 magnam
704 2400 1082 2475 Augebatmiserationem
1092 2409 1233 2459 constant

147 2471 209 2538 eius
234 2481 363 2542 partem,
398 2467 541 2530 occisam,
565 2469 666 2536 ajunt.
704 2488 827 2535 rumor,
851 2488 961 2525 veneno
977 2470 1232 2545 interceptumi

145 2540 302 2592 Praeterea
318 2537 453 2591 similiter
468 2537 496 2600 3,
512 2552 537 2597 a,
557 2554 580 2588 1.
602 2535 668 2590 bar·
704 2538 811 2611 quibus
827 2538 901 2592 locis
920 2536 1106 2592 manifestum
1123 2539 1231 2607 efficic-

147 2605 291 2661 barorum
315 2606 465 2678 exercitus
494 2602 670 2674 intersectas
704 2616 807 2677 gantcr
820 2616 849 2658 et
865 2623 947 2660 more
961 2615 1101 2659 veterum
1111 2610 1232 2681 scripto·

145 2673 262 2727 dicitur.
297 2673 429 2727 Nondum
458 2682 555 2725 tamen
583 2691 600 2726 a
623 2689 669 2724 me
704 2691 767 2726 rum
790 2673 990 2747 interceptam
1012 2672 1076 2728 dici
1103 2693 1231 2737 maram,

145 2742 305 2816 impetrare
320 2743 448 2814 polium,
465 2750 498 2793 ut
507 2740 670 2823 planareji-
703 2743 829 2814 quaein
850 2744 898 2795 via
917 2750 1040 2815 practer
1059 2744 1232 2817 opinionem

145 2808 299 2874 ciendum,
318 2826 350 2861 ac
367 2827 382 2861 a
399 2807 533 2862 librariis
551 2809 668 2880 profec-
705 2810 1012 2883 oppretiaetmagnam
1020 2821 1232 2882 partemcsese
1255 2839 1258 2843 ’

143 2888 204 2930 tum
223 2886 322 2950 putem
342 2877 377 2929 τὸ
392 2877 569 2948 intercepit,
589 2874 673 2949 quod¹
703 2875 768 2933 suit.
800 2875 1232 2934 Noncontendamtamcncun

50 2985 56 2999 .
144 2944 398 3018 iuoptimolibro'
414 2944 667 3010 Savaranis,lia-
703 2963 868 3018 quoquam,
897 2945 1063 3018 cuipotior
1080 2947 1232 3002 videbitur

143 3013 246 3066 varico
263 3031 288 3066 a.
306 3030 339 3066 ac
350 3013 499 3087 plerisque
515 3011 580 3065 edd.
595 3023 665 3066 vett.
701 3015 789 3069 tectio
808 3013 1043 3068 altera.Basius.
1067 3014 1232 3090 Intercepit

142 3092 295 3155 repertum
309 3082 356 3135 est.
391 3082 493 3152 Neque
516 3081 595 3132 enim
609 3090 668 3132 tam
701 3080 782 3137 Leid.
801 3092 830 3134 et
844 3082 968 3137 vona.
980 3093 1008 3135 ct
1022 3083 1231 3156 italegencium

143 3148 398 3223 (p.·334.).vulgo
419 3158 505 3201 notus
528 3148 584 3200 fuit
606 3148 665 3201 ele·
702 3151 756 3204 effe
781 3148 868 3204 docet
891 3151 1024 3204 Dukerus
1050 3151 1087 3205 ad
1111 3153 1230 3208 Florum

143 3217 317 3289 gentitiimus
336 3217 418 3271 vocis
433 3216 518 3280 huius
533 3215 614 3281 usus,
635 3227 668 3269 ut
682 3234 683 3237 ’
700 3217 764 3272 Lib.
782 3219 808 3277 3.
828 3234 892 3291 cap.
908 3226 934 3280 c.
951 3216 974 3286 t.
988 3221 1014 3301 lp
1037 3221 1111 3283 [Gu.
1122 3220 1228 3277 Amin·

136 3283 288 3338 xcredibile
303 3287 359 3349 sit,
385 3301 449 3336 eam
466 3283 503 3335 ab
520 3283 666 3354 imperitis
701 3283 834 3356 terserit,
853 3285 903 3339 sed
918 3286 975 3340 Ult.
989 3289 1189 3363 intercepit]

141 3351 274 3406 librariis
290 3371 347 3425 pro
370 3352 511 3404 notiffima
532 3368 565 3404 su
587 3353 666 3423 posi·
741 3352 829 3430 Quod
842 3355 977 3411 manime
1016 3359 1140 3413 SicMs.
1159 3360 1229 3412 Dan.

141 3429 210 3473 tam.
230 3422 266 3472 Et
277 3420 417 3490 intercipi
433 3435 550 3492 quoque
564 3369 667 3475 iicun·
702 3421 776 3495 [Gn.
796 3420 875 3490 Uli]
898 3435 927 3477 et
950 3424 976 3477 el
991 3424 1011 3478 i.
1058 3424 1230 3513 Longcttas

53 3509 56 3513 ’
98 3549 105 3564 ι
141 3498 191 3541 tur
206 3489 327 3560 copiae,
347 3504 438 3559 ¹quas.
448 3504 481 3540 ex
503 3489 667 3559 improviso
702 3510 758 3547 una
774 3507 848 3544 voce
869 3492 998 3545 auctius:
1029 3493 1112 3568 quod
1133 3512 1229 3572 ipsum

142 3553 605 3628 deprehensashostis,anthuam
620 3557 667 3611 dc·
702 3557 848 3616 maxime.
867 3561 983 3614 Bosius.

140 3624 241 3678 ttinata
256 3622 428 3698 perficiant,
448 3627 591 3697 opprimit
602 3626 667 3693 ,de
738 3629 850 3684 Iterum
864 3625 967 3683 eodem
978 3624 1078 3700 bello]
1095 3633 1229 3695 Necubi,

140 3693 182 3746 let
201 3710 256 3746 ue:
283 3689 363 3764 quod
375 3690 448 3755 ,huic
471 3710 571 3746 morae
592 3695 668 3748 acci·
701 3714 756 3749 nec
775 3694 890 3768 quando
910 3696 966 3749 hoc
983 3696 1137 3770 praelium
1153 3718 1227 3756 com·

141 3759 170 3814 di
194 3777 227 3826 e,
254 3758 429 3831 Xenophon
446 3771 475 3813 et
491 3759 667 3818 Pausanias
699 3765 810 3816 mittum
827 3762 874 3827 sit,
890 3782 1012 3836 usquam
1030 3770 1173 3842 reperire
1187 3786 1228 3832 se,

46 3885 56 3901 l
141 3829 265 3883 docente
277 3829 393 3881 Tacitus
408 3827 508 3899 Agrica
525 3841 551 3894 5,
562 3835 588 3899 4.
603 3838 665 3885 tru-
700 3830 991 3887 aitLambinusnisi
1008 3834 1089 3891 forte
1098 3835 1134 3890 id
1142 3838 1227 3910 signi-

142 3896 238 3952 cidon·
256 3898 408 3962 veterani,
428 3900 572 3953 incensae
588 3898 665 3954 cola·
699 3901 782 3965 ticet,
799 3898 878 3971 quod
893 3911 994 3955 narrat
1013 3903 1227 3978 Xenophon&

140 3968 230 4030 niae,
248 3966 404 4036 intercepti
423 3968 583 4022 exercitus.
609 3971 665 4022 Nc·
701 3967 738 4024 de
754 3966 816 4023 reb·
831 3968 936 4023 Graec.
952 3987 1012 4024 non
1023 3971 1116 4045 longe
1130 3973 1227 4028 adne-

122 4048 198 4106 *que
218 4033 294 4086 enim
313 4032 450 4087 aclscntiri
470 4037 581 4105 poss'um
598 4037 665 4090 viro
700 4035 793 4089 (loma
808 4036 969 4108 principio,
989 4038 1174 4112 iphicretcm
1182 4040 1228 4097 (ie-

141 4101 270 4174 optimo,
291 4102 447 4173 interrepti
466 4104 587 4174 legenti.
610 4105 665 4157 Re·
700 4120 763 4158 cem
780 4106 971 4169 triremibus,
993 4124 1072 4179 quae
1088 4126 1106 4163 a
1120 4113 1228 4181 Diony·

141 4169 229 4245 spicit
247 4169 369 4225 Tacitus
383 4170 424 4238 id,
442 4171 520 4247 qnod
534 4172 609 4226 Anu.
623 4176 667 4241 14,
701 4173 745 4228 sio
760 4172 1002 4231 Lacedaemoniis
1017 4174 1144 4255 Arippo
1159 4178 1228 4261 Quae
1296 4201 1297 4208 ¹
