2594 4644
403 272 443 338 V.
478 275 688 340 'ClMON.
728 272 874 343 Caesi.
1116 286 1172 371 ¹75

106 394 1170 427 mg..-

99 466 264 528 niensium
299 469 402 531 emitti
435 460 586 559 poterat,
636 470 701 531 nisi
734 472 928 559 pecuniam,
979 496 1040 558 qua
1080 491 1174 560 peter
1262 502 1268 516 ’

43 568 46 575 ’
100 572 252 635 multatus
281 566 366 647 erat,
409 575 572 639 solvisset.
614 576 759 667 Habebat
785 592 890 649 eutem
915 579 951 649 in
970 581 1210 643 matrimonios
1242 628 1245 647 ι

120 798 192 856 atris
201 799 239 853 ad
254 804 432 870 sepulturam
448 801 615 858 redimecet.
704 805 964 874 Atheniensibus]
1003 808 1173 867 Lambinus

127 866 263 925 iodorns=
291 870 309 915 0'
321 872 419 932 Κίμων
427 873 616 940 τελευτῆσαν·
651 874 1014 941 mellet'ritlteniensium,
1032 878 1170 931 nullane-

96 952 149 990 τω
164 944 198 991 τῦ
211 938 327 1016 ,πατρὸς
347 939 420 1016 doti
438 938 467 993 iu
480 941 623 1005 avidamus
652 943 783 998 ceffitate.
819 947 887 998 illos
902 947 957 998 Ms.
974 944 1075 997 Boecl.
1092 944 1169 1000 mul·
1199 962 1208 983 ²

97 1008 152 1073 ate
161 1000 616 1073 φυλᾶκῃὸιὰτομήἰσχύσαιόὶ
652 1016 749 1065 ctotus
765 1019 840 1068 erat.
859 1028 918 1065 non
939 1012 1022 1064 male.
1047 1011 1168 1069 Rosius.
1207 1034 1213 1039 ·

98 1077 200 1145 usioni
213 1073 248 1125 co
265 1075 408 1144 ὄφλημα,
426 1077 475 1128 toa
490 1074 617 1153 lddycd
652 1077 884 1135 Atheniensibus
908 1077 989 1133 Leid.
1018 1095 1114 1146 meus,
1141 1091 1171 1134 et

98 1148 184 1202 aeria
202 1146 237 1193 ct
252 1143 537 1214 nacobssttsaqmv,
553 1146 618 1197 tao·
652 1146 729 1200 vot.
751 1148 785 1200 A.
800 1150 838 1200 li.
863 1149 896 1202 C.
932 1149 990 1200 Pro
1008 1145 1171 1204 mulctatus

95 1207 149 1263 ado
162 1212 202 1261 ets
225 1206 278 1275 ctio
302 1205 442 1279 φυλακὴν
464 1212 620 1278 παρέδωκε
652 1224 742 1281 esset,
756 1212 918 1269 mulctatus
919 1213 1026 1285 fuerat
1039 1216 1120 1270 Leid.
1129 1235 1168 1272 m.

96 1280 148 1330 nai
167 1275 322 1335 διεδέξατο
342 1279 377 1332 τὸ
400 1278 538 1348 ὄφλημα.
561 1284 618 1335 Vn·
653 1291 746 1355 etpro
760 1280 905 1348 solvisset,
919 1281 1053 1337 solveret.
1074 1283 1167 1349 [eod.

97 1344 210 1401 leriusz
232 1346 328 1403 imma
341 1366 437 1403 necor
458 1364 493 1402 us
501 1345 619 1419 quidem
653 1349 709 1402 Ax.
721 1350 968 1416 Atheniensium,
987 1348 1075 1423 quod,
1093 1353 1170 1405 Heu.

97 1408 164 1487 ejus
177 1412 349 1482 (Miltiadis)
359 1362 636 1489 sepuiiuraeprius'
652 1415 764 1491 liugero
800 1419 951 1482 rotatum,
968 1420 1102 1473 Bromius
1124 1435 1169 1482 re.

97 1479 245 1561 mandari
286 1485 454 1548 assitunt,
478 1481 618 1555 quamsi·
652 1483 750 1539 llituit.
778 1437 820 1542 lta
839 1487 925 1541 etiam
944 1485 973 1538 iu
989 1487 1169 1542 Germanicis
1253 1550 1256 1555 ,

66 1598 76 1613 .,
97 1547 160 1605 lius
178 1568 243 1625 eyus
263 1500 369 1607 dimon
390 1550 502 1607 eisdem
521 1551 617 1604 vineo·
652 1552 824 1628 quibusdam
841 1554 977 1627 exemplis
994 1554 1169 1626 scriptumse

43 1646 48 1653 -
97 1615 139 1672 lis
154 1634 184 1674 se
197 1618 466 1697 constringendum
475 1616 615 1674 traderet.
652 1617 757 1675 vidille-
778 1621 849 1676 dicit
860 1621 1031 1675 Lambinus..
1046 1626 1106 1677 ileo
1119 1622 1169 1675 ille

97 1685 135 1737 Et
147 1686 215 1740 loco
232 1691 340 1743 altero:
362 1688 487 1752 Cimon,
505 1688 554 1757 qui
566 1703 618 1758 pa·
651 1703 666 1738 a
689 1689 846 1759 pollutione
863 1689 996 1763 Longolii
1021 1690 1168 1764 Magiique

65 1820 69 1825 ι
96 1752 140 1807 tri
161 1761 213 1809 tuo
237 1752 427 1829 sepulturam
440 1754 618 1810 oobtntariis
652 1705 795 1812 editiones
809 1754 952 1829 deligunre
968 1759 1048 1812 solet.
1085 1758 1169 1812 Sede

96 1820 226 1878 vinculis
250 1834 347 1880 emere
370 1842 430 1878 non
460 1822 614 1878 dubitasti.
651 1834 754 1878 neutra
769 1824 924 1878 lectionem
940 1825 1169 1882 ,tibeniensium

95 1888 237 1971 dutinus»
256 1888 400 1958 Patrem,
415 1890 667 1946 translatisin'a
691 1891 826 1946 Fischero
848 1888 1012 1946 adnotatam
1035 1896 1166 1966 reperio.

71 1957 286 2025 coementis,
310 1957 351 2015 ad
373 1957 555 2033 sepulturam
571 1978 616 2012 re·
650 1963 709 2015 Pro
731 1956 876 2014 multatus
898 1968 974 2015 esset
1006 1962 1092 2017 ctiam
1113 1961 1166 2016 Ax.
1257 1967 1259 1971 ’

95 2021 202 2145 defuit.
240 2026 329 2110 Apud
351 2026 497 2083 Senecam
513 2029 617 2082 Cimon
651 2028 782 2108 eustJlt.
808 2046 848 2082 m.
868 2026 1045 2100 erat,quod
1063 2031 1170 2082 stillo·

96 2108 180 2227 biiii,
196 2094 618 2236 silubctldlblrcdiiidba‘iibilbrltb:
650 2093 956 2236 sehiildbbbdifbldidm
978 2164 1011 2218 in
1031 2163 1166 2218 matrim.
1213 2196 1216 2209 ·

96 2235 145 2285 ter
159 2246 197 2283 se
217 2232 336 2301 ipsum,
353 2237 460 2304 posset.
496 2234 532 2284 Et
551 2246 617 2283 mox
650 2249 736 2287 sorar
749 2249 931 2307 ¹germanam
949 2229 991 2298 u]
1009 2228 1167 2284 Nodusin·

96 2288 256 2353 Miltiadis
274 2301 404 2372 pretium
420 2316 451 2353 se
467 2307 495 2353 ct
509 2298 616 2353 vicari·
651 2297 861 2370 explicabilis,
880 2300 975 2373 inquit
988 2296 1166 2354 Lambinus.

94 2378 149 2418 um
170 2376 274 2430 vocat,
303 2384 425 2438 euinque
446 2366 616 2433 redemisse,
651 2368 749 2422 Ceteri
765 2370 840 2421 enim
853 2370 1019 2440 Scriptores
1035 2366 1167 2419 certatim

95 2441 125 2485 et
140 2450 195 2504 pro
208 2452 243 2488 eo
256 2433 420 2507 alligatum
435 2452 477 2502 se,
495 2436 549 2489 ait.
574 2434 617 2488 Aa
650 2435 780 2488 incolant
797 2436 853 2488 hoc
866 2434 1098 2496 matrimonium,
1118 2450 1166 2485 ne-

94 2500 211 2553 rurius:
234 2500 382 2568 Redemi,
407 2503 522 2574 inquit,
550 2520 614 2556 cor-
649 2520 705 2574 que
723 2502 855 2557 institutis
873 2501 1081 2557 Atheniendum
1102 2497 1166 2553 dari

93 2566 219 2640 (pubi)
244 2587 298 2640 pus
320 2577 419 2634 tuum,
444 2569 616 2636 Miltiades,
648 2572 725 2654 polle
749 2571 935 2624 confirmant:
962 2571 1040 2623 solus
1068 2569 1167 2640 Nepos

95 2653 135 2690 ne
145 2633 252 2705 funeri
274 2635 391 2708 quidem
407 2637 615 2709 interfuturus,
648 2639 720 2708 Juris
742 2639 914 2712 allegatione
937 2655 1002 2691 eum
1032 2636 1165 2700 absolvit,

93 2704 130 2758 in
144 2703 222 2774 quood
233 2725 280 2760 me
294 2706 392 2775 ipsum
401 2706 613 2781 impenderem.
649 2706 699 2780 qui
725 2707 783 2773 jam
800 2707 870 2760 olim
892 2705 1056 2758 ottrncismo
1074 2721 1164 2777 prop·

93 2772 132 2823 Et
147 2773 249 2854 pesullo
263 2776 341 2845 polit
369 2777 436 2830 Non
458 2773 616 2830 eratmibi
648 2785 733 2849 terea
748 2773 866 2846 punitus
885 2772 1031 2850 nonnullis
1055 2770 1164 2895 (Wu-

92 2856 616 2980 tittttttfttssttttt‘.stt
649 2839 1062 2979 titt.ti..mt{.tt²t¹zlt
1076 2845 1165 2961 tsi
1258 2884 1260 2893 '

93 2992 152 3047 que
171 2974 398 3055 quinctilianus:
420 2978 538 3033 Cimoni
554 2975 614 3042 illi,
648 2973 809 3029 extricavit.
847 2973 1076 3031 Atheniensibus
1084 2973 1164 3039 iicet,

93 3043 145 3116 qui
156 3045 615 3119 patriseorpusoibariocorpore
647 3043 742 3116 iuquit
758 3044 872 3117 Nepos,
892 3041 995 3100 eodem
1010 3050 1096 3116 patre
1109 3061 1165 3098 na-

74 3110 231 3167 .re‹lemit.
256 3116 335 3168 llaec
356 3114 463 3178 miror,
486 3130 546 3166 non
564 3110 611 3165 ad·
647 3116 695 3165 tas
720 3129 829 3168 uxores
854 3109 969 3167 ducere.
1010 3109 1069 3168 eet
1092 3112 1166 3165 tales

92 3179 202 3233 natalie
220 3180 300 3236 uiros
318 3181 437 3247 doctos,
463 3197 517 3235 nec
533 3179 612 3235 solli·
646 3196 706 3232 non
722 3190 865 3234 vocantur
873 3197 1065 3254 germanae3
1085 3177 1166 3251 quod

92 3248 169 3301 citos
185 3245 283 3314 suine,
310 3267 346 3302 an
371 3260 400 3302 et
422 3267 478 3321 qua
497 3248 628 3301 ratione·
645 3247 815 3317 praesertim
831 3249 971 3304 Muretus
983 3258 1068 3319 urget
1083 3249 1104 3299 l.
1121 3248 1162 3302 15.

94 3331 160 3368 cum
173 3314 228 3376 iis,
250 3315 611 3399 quaellostcrtraditnon·
654 3315 683 3370 V.
700 3315 735 3369 L.
754 3333 779 3368 o.
796 3317 822 3371 t.
839 3315 874 3369 [ie
887 3325 1078 3399 eutemsuure
1091 3331 1162 3385 quo·

93 3381 191 3436 ciliari
205 3384 317 3454 potlmt.
345 3386 389 3437 An
405 3383 541 3447 dicemus,
560 3383 612 3437 hos
647 3399 722 3454 que,
737 3381 832 3456 praef.
850 3387 876 3451 4.
896 3383 1064 3456 appellavit.
1079 3398 1163 3466 prae-

93 3452 382 3523 omneslcgemillam
392 3450 611 3515 Atheniensium,
646 3459 727 3503 terea
746 3468 798 3503 eur
814 3449 1040 3524 reprehenditur
1061 3453 1164 3506 Cimon

92 3536 273 3591 moremque,
286 3537 342 3591 qun
355 3530 543 3590 paternorum
550 3519 611 3572 vin·
646 3515 683 3570 ab
697 3517 896 3572 Auctoribus?
911 3536 963 3585 our
970 3521 1089 3591 punitus
1095 3535 1164 3591 pro-

93 3586 226 3641 culorum
255 3586 401 3654 hereditas
439 3584 476 3639 ad
499 3586 612 3641 liberos
644 3596 747 3657 pterea
760 3583 888 3639 dicitur?
913 3586 1162 3659 lsapulaveretcr-

90 3655 240 3717 transiret,
258 3653 422 3726 ignoratio?
444 3655 611 3727 Anpotius,
645 3669 682 3776 go
708 3653 819 3707 rurlum
845 3654 981 3776 Scriqtor
1005 3653 1107 3721 judicii
1122 3672 1164 3717 ¹uc

93 3721 143 3796 qui
153 3721 209 3775 hoe
219 3738 287 3775 casu
301 3721 408 3775 aerarii
418 3720 614 3786 fierent,non,·
666 3721 814 3795 iligentiue
829 3737 918 3794 praee
930 3738 997 3776 arus
1018 3721 1164 3794 inprimis,

92 3798 126 3843 ut
151 3780 284 3853 ceteros,
317 3789 367 3861 qui
388 3806 439 3843 sua
462 3790 547 3862 culpe
563 3788 612 3842 lie-
646 3790 677 3843 ni
693 3786 868 3843 cordatioris
883 3790 986 3863 plenus
1002 3787 1163 3861 doctrinae,

91 3856 183 3920 bant,
201 3856 325 3910 vinculis
342 3857 528 3920 constrictos,
555 3856 612 3910 nisi
649 3857 743 3914 Ianus
771 3856 969 3930 Rutgersius,
996 3853 1103 3913 vindex
1120 3858 1162 3910 in·

94 3942 203 3999 corpus
219 3921 347 3977 destructi
365 3925 494 3996 parentis
512 3923 547 3977 ad
569 3941 612 3978 se·
646 3925 800 3979 nocentiae
814 3925 1013 3981 exortuseffet.
1035 3925 1162 4005 Quivar.

92 3993 239 4066 pulturnm
268 3991 322 4045 hoc
349 4002 437 4064 pacto
467 3991 613 4046 redimere
647 3993 714 4046 lect.
732 3993 786 4045 l.1.
805 4011 830 4045 c.
844 4013 870 4061 9.
888 3993 1074 4063 cumprime,
1093 3991 1164 4045 lieu·

93 4058 317 4121 vellentiillihi‚
337 4070 369 4112 ut
377 4060 499 4132 ingenue
508 4060 612 4125 fatear,
647 4058 821 4114 iffeAthenis
834 4060 964 4115 sororem
977 4056 1164 4127 ὁμόπάτριον

92 4145 151 4183 non
166 4129 269 4200 liquet.
287 4127 405 4183 Bosius.
647 4144 766 4182 uxorem
789 4125 910 4191 ducere,
931 4127 1099 4183 teilimoniis
1115 4145 1160 4179 vr-
