<?xml version="1.0" encoding="UTF-8"?>
<!DOCTYPE html PUBLIC "-//W3C//DTD XHTML 1.0 Transitional//EN"
    "http://www.w3.org/TR/xhtml1/DTD/xhtml1-transitional.dtd">
<html xmlns="http://www.w3.org/1999/xhtml" xml:lang="en" lang="en">
 <head>
  <title>
</title>
<meta http-equiv="Content-Type" content="text/html;charset=utf-8" />
  <meta name='ocr-system' content='tesseract 3.04.00' />
  <meta name='ocr-capabilities' content='ocr_page ocr_carea ocr_par ocr_line ocrx_word'/>
</head>
<body>
  <div class='ocr_page' id='page_1' title='image "./quaeexstant00stavgoog_0126.png"; bbox 0 0 2594 4644; ppageno 0'>
   <div class='ocr_carea' id='block_1_1' title="bbox 59 710 1114 932">
    <p class='ocr_par' dir='ltr' id='par_1_1' title="bbox 59 702 1114 932">
     <span class='ocr_line' id='line_1_1' title="bbox 59 710 1114 932; baseline -0.004 -38"><span class='ocrx_word' id='word_1_1' title='bbox 59 710 535 932; x_wconf 62' lang='lat' dir='ltr'><strong>Jouunmt</strong></span> <span class='ocrx_word' id='word_1_2' title='bbox 596 710 1114 912; x_wconf 74' lang='lat' dir='ltr'><strong>Neronis</strong></span> 
     </span>
    </p>
   </div>
   <div class='ocr_carea' id='block_1_2' title="bbox 438 1047 658 1145">
    <p class='ocr_par' dir='ltr' id='par_1_2' title="bbox 438 1047 658 1145">
     <span class='ocr_line' id='line_1_2' title="bbox 438 1047 658 1145; baseline 0.023 -5"><span class='ocrx_word' id='word_1_3' title='bbox 438 1047 658 1145; x_wconf 79' lang='lat' dir='ltr'><strong>Lis-&#39;ru</strong></span> 
     </span>
    </p>
   </div>
   <div class='ocr_carea' id='block_1_3' title="bbox 393 1272 826 1347">
    <p class='ocr_par' dir='ltr' id='par_1_3' title="bbox 393 1272 826 1347">
     <span class='ocr_line' id='line_1_3' title="bbox 393 1272 826 1347; baseline 0.014 -6"><span class='ocrx_word' id='word_1_4' title='bbox 393 1272 468 1334; x_wconf 70' lang='lat' dir='ltr'><strong>DE</strong></span> <span class='ocrx_word' id='word_1_5' title='bbox 534 1279 703 1343; x_wconf 60' lang='lat' dir='ltr'><strong>vltra</strong></span> <span class='ocrx_word' id='word_1_6' title='bbox 822 1330 826 1347; x_wconf 75' lang='lat'>.</span> 
     </span>
    </p>
   </div>
   <div class='ocr_carea' id='block_1_4' title="bbox 107 1447 986 1531">
    <p class='ocr_par' dir='ltr' id='par_1_4' title="bbox 107 1447 986 1531">
     <span class='ocr_line' id='line_1_4' title="bbox 107 1447 986 1531; baseline -0.001 -8"><span class='ocrx_word' id='word_1_7' title='bbox 107 1448 532 1531; x_wconf 74' lang='lat' dir='ltr'><strong>EXCELLENTIUM</strong></span> <span class='ocrx_word' id='word_1_8' title='bbox 574 1447 986 1522; x_wconf 71' lang='lat' dir='ltr'><strong>IMPERATORUM·</strong></span> 
     </span>
    </p>
   </div>
   <div class='ocr_carea' id='block_1_5' title="bbox 431 1677 660 1726">
    <p class='ocr_par' dir='ltr' id='par_1_5' title="bbox 431 1677 660 1726">
     <span class='ocr_line' id='line_1_5' title="bbox 457 1677 460 1693; baseline 0 0"><span class='ocrx_word' id='word_1_9' title='bbox 457 1677 460 1693; x_wconf 87' lang='lat' dir='ltr'><strong>i</strong></span> 
     </span>
     <span class='ocr_line' id='line_1_6' title="bbox 431 1704 660 1726; baseline -0.004 -4"><span class='ocrx_word' id='word_1_10' title='bbox 431 1704 660 1726; x_wconf 51' lang='lat' dir='ltr'><strong>m</strong></span> 
     </span>
    </p>
   </div>
   <div class='ocr_carea' id='block_1_6' title="bbox 59 1951 1182 4210">
    <p class='ocr_par' dir='ltr' id='par_1_6' title="bbox 61 1951 1078 2039">
     <span class='ocr_line' id='line_1_7' title="bbox 61 1951 1078 2039; baseline 0.002 -23"><span class='ocrx_word' id='word_1_11' title='bbox 61 1957 531 2034; x_wconf 75' lang='lat' dir='ltr'><strong>a.)corneliiNepotis]Cornelium</strong></span> <span class='ocrx_word' id='word_1_12' title='bbox 564 1980 624 2038; x_wconf 79' lang='lat' dir='ltr'><strong>nop</strong></span> <span class='ocrx_word' id='word_1_13' title='bbox 647 1960 835 2039; x_wconf 75' lang='lat' dir='ltr'><strong>composuiffe</strong></span> <span class='ocrx_word' id='word_1_14' title='bbox 851 1961 902 2018; x_wconf 85' lang='lat' dir='ltr'><strong>bas</strong></span> <span class='ocrx_word' id='word_1_15' title='bbox 920 1952 993 2018; x_wconf 72' lang='lat' dir='ltr'><strong>vitas</strong></span> <span class='ocrx_word' id='word_1_16' title='bbox 1007 1951 1078 2018; x_wconf 80' lang='lat' dir='ltr'><strong>Pro·</strong></span> 
     </span>
    </p>

    <p class='ocr_par' dir='ltr' id='par_1_7' title="bbox 59 2032 1079 2115">
     <span class='ocr_line' id='line_1_8' title="bbox 59 2032 1079 2115; baseline 0 -29"><span class='ocrx_word' id='word_1_17' title='bbox 59 2050 106 2100; x_wconf 85' lang='lat' dir='ltr'><strong>uc,</strong></span> <span class='ocrx_word' id='word_1_18' title='bbox 125 2034 208 2102; x_wconf 86' lang='lat' dir='ltr'><strong>cujus</strong></span> <span class='ocrx_word' id='word_1_19' title='bbox 220 2047 398 2106; x_wconf 79' lang='lat' dir='ltr'><strong>praenomen</strong></span> <span class='ocrx_word' id='word_1_20' title='bbox 413 2049 428 2086; x_wconf 88' lang='lat' dir='ltr'><strong>a</strong></span> <span class='ocrx_word' id='word_1_21' title='bbox 446 2049 476 2086; x_wconf 88' lang='lat' dir='ltr'><strong>se</strong></span> <span class='ocrx_word' id='word_1_22' title='bbox 489 2033 530 2106; x_wconf 83' lang='lat' dir='ltr'><strong>ig·</strong></span> <span class='ocrx_word' id='word_1_23' title='bbox 563 2033 649 2098; x_wconf 86' lang='lat' dir='ltr'><strong>bum,</strong></span> <span class='ocrx_word' id='word_1_24' title='bbox 668 2033 733 2106; x_wconf 92' lang='lat' dir='ltr'><strong>ipso</strong></span> <span class='ocrx_word' id='word_1_25' title='bbox 747 2049 834 2086; x_wconf 87' lang='lat' dir='ltr'><strong>versu</strong></span> <span class='ocrx_word' id='word_1_26' title='bbox 845 2032 1008 2115; x_wconf 62' lang='lat' dir='ltr'><strong>penultimo,</strong></span> <span class='ocrx_word' id='word_1_27' title='bbox 1018 2032 1079 2098; x_wconf 76' lang='lat' dir='ltr'><strong>ejus</strong></span> 
     </span>
    </p>

    <p class='ocr_par' dir='ltr' id='par_1_8' title="bbox 59 2091 1106 2184">
     <span class='ocr_line' id='line_1_9' title="bbox 59 2091 1106 2184; baseline -0.001 -31"><span class='ocrx_word' id='word_1_28' title='bbox 59 2103 113 2157; x_wconf 69' lang='lat' dir='ltr'><strong>irari</strong></span> <span class='ocrx_word' id='word_1_29' title='bbox 127 2102 230 2156; x_wconf 84' lang='lat' dir='ltr'><strong>scribit</strong></span> <span class='ocrx_word' id='word_1_30' title='bbox 245 2100 404 2172; x_wconf 82' lang='lat' dir='ltr'><strong>Giphanius</strong></span> <span class='ocrx_word' id='word_1_31' title='bbox 417 2100 530 2184; x_wconf 88' lang='lat' dir='ltr'><strong>Episto·</strong></span> <span class='ocrx_word' id='word_1_32' title='bbox 564 2103 587 2154; x_wconf 88' lang='lat' dir='ltr'>E</span> <span class='ocrx_word' id='word_1_33' title='bbox 611 2098 994 2172; x_wconf 76' lang='lat' dir='ltr'><strong>igrammatisindscat,quo</strong></span> <span class='ocrx_word' id='word_1_34' title='bbox 1006 2099 1079 2152; x_wconf 84' lang='lat' dir='ltr'><strong>The·</strong></span> <span class='ocrx_word' id='word_1_35' title='bbox 1101 2091 1106 2113; x_wconf 79' lang='lat'>⁸</span> 
     </span>
    </p>

    <p class='ocr_par' dir='ltr' id='par_1_9' title="bbox 66 2119 1081 2251">
     <span class='ocr_line' id='line_1_10' title="bbox 66 2119 1081 2251; baseline -0.006 -27"><span class='ocrx_word' id='word_1_36' title='bbox 66 2167 184 2244; x_wconf 83' lang='lat' dir='ltr'><strong>quadam</strong></span> <span class='ocrx_word' id='word_1_37' title='bbox 204 2167 241 2222; x_wconf 85' lang='lat' dir='ltr'><strong>ad</strong></span> <span class='ocrx_word' id='word_1_38' title='bbox 260 2169 404 2224; x_wconf 79' lang='lat' dir='ltr'><strong>Muretum</strong></span> <span class='ocrx_word' id='word_1_39' title='bbox 423 2170 489 2224; x_wconf 76' lang='lat' dir='ltr'><strong>Lib.</strong></span> <span class='ocrx_word' id='word_1_40' title='bbox 505 2190 529 2222; x_wconf 86' lang='lat'><strong>1.</strong></span> <span class='ocrx_word' id='word_1_41' title='bbox 565 2119 661 2225; x_wconf 53' lang='lat' dir='ltr'><strong>oioiio</strong></span> <span class='ocrx_word' id='word_1_42' title='bbox 679 2170 787 2251; x_wconf 81' lang='lat' dir='ltr'><strong>imper.</strong></span> <span class='ocrx_word' id='word_1_43' title='bbox 807 2178 900 2224; x_wconf 89' lang='lat' dir='ltr'><strong>totum</strong></span> <span class='ocrx_word' id='word_1_44' title='bbox 917 2167 973 2222; x_wconf 85' lang='lat' dir='ltr'><strong>scri</strong></span> <span class='ocrx_word' id='word_1_45' title='bbox 997 2180 1081 2222; x_wconf 88' lang='lat' dir='ltr'><strong>turae</strong></span> 
     </span>
    </p>

    <p class='ocr_par' dir='ltr' id='par_1_10' title="bbox 59 2185 994 2311">
     <span class='ocr_line' id='line_1_11' title="bbox 59 2185 994 2311; baseline 0 -21"><span class='ocrx_word' id='word_1_46' title='bbox 59 2243 97 2292; x_wconf 64' lang='lat' dir='ltr'><strong>tiss.</strong></span> <span class='ocrx_word' id='word_1_47' title='bbox 116 2239 218 2291; x_wconf 79' lang='lat' dir='ltr'><strong>Mureti</strong></span> <span class='ocrx_word' id='word_1_48' title='bbox 246 2237 362 2290; x_wconf 83' lang='lat' dir='ltr'><strong>LXVII.</strong></span> <span class='ocrx_word' id='word_1_49' title='bbox 405 2237 530 2306; x_wconf 78' lang='lat' dir='ltr'><strong>Tulliani</strong></span> <span class='ocrx_word' id='word_1_50' title='bbox 566 2255 671 2311; x_wconf 87' lang='lat' dir='ltr'><strong>corpus</strong></span> <span class='ocrx_word' id='word_1_51' title='bbox 703 2236 820 2300; x_wconf 67' lang='lat' dir='ltr'><strong>dicarit.</strong></span> <span class='ocrx_word' id='word_1_52' title='bbox 860 2237 943 2293; x_wconf 78' lang='lat' dir='ltr'><strong>Vixit</strong></span> <span class='ocrx_word' id='word_1_53' title='bbox 970 2185 994 2290; x_wconf 61' lang='lat' dir='ltr'><em>K</em></span> 
     </span>
    </p>

    <p class='ocr_par' dir='ltr' id='par_1_11' title="bbox 59 2303 1080 2378">
     <span class='ocr_line' id='line_1_12' title="bbox 59 2303 1080 2378; baseline -0.002 -20"><span class='ocrx_word' id='word_1_54' title='bbox 59 2305 82 2358; x_wconf 84' lang='lat' dir='ltr'><strong>vi</strong></span> <span class='ocrx_word' id='word_1_55' title='bbox 94 2307 146 2360; x_wconf 81' lang='lat' dir='ltr'><strong>eise</strong></span> <span class='ocrx_word' id='word_1_56' title='bbox 167 2306 356 2378; x_wconf 79' lang='lat' dir='ltr'><strong>scriptorem,</strong></span> <span class='ocrx_word' id='word_1_57' title='bbox 386 2304 449 2376; x_wconf 83' lang='lat' dir='ltr'><strong>ipsa</strong></span> <span class='ocrx_word' id='word_1_58' title='bbox 470 2307 531 2373; x_wconf 79' lang='lat' dir='ltr'><strong>eius</strong></span> <span class='ocrx_word' id='word_1_59' title='bbox 565 2305 665 2360; x_wconf 86' lang='lat' dir='ltr'><strong>harum</strong></span> <span class='ocrx_word' id='word_1_60' title='bbox 683 2307 809 2360; x_wconf 84' lang='lat' dir='ltr'><strong>vitarum</strong></span> <span class='ocrx_word' id='word_1_61' title='bbox 828 2306 862 2359; x_wconf 79' lang='grc' dir='ltr'><strong>Τ.</strong></span> <span class='ocrx_word' id='word_1_62' title='bbox 875 2307 978 2376; x_wconf 84' lang='lat' dir='ltr'><strong>Pomp.</strong></span> <span class='ocrx_word' id='word_1_63' title='bbox 991 2303 1080 2358; x_wconf 77' lang='lat' dir='ltr'><strong>Attici</strong></span> 
     </span>
    </p>

    <p class='ocr_par' dir='ltr' id='par_1_12' title="bbox 59 2369 1080 2448">
     <span class='ocr_line' id='line_1_13' title="bbox 59 2369 1080 2448; baseline 0 -22"><span class='ocrx_word' id='word_1_64' title='bbox 59 2374 151 2428; x_wconf 86' lang='lat' dir='ltr'><strong>tinitas</strong></span> <span class='ocrx_word' id='word_1_65' title='bbox 170 2371 286 2431; x_wconf 72' lang='lat' dir='ltr'><strong>absurde</strong></span> <span class='ocrx_word' id='word_1_66' title='bbox 303 2371 373 2426; x_wconf 85' lang='lat' dir='ltr'><strong>facit</strong></span> <span class='ocrx_word' id='word_1_67' title='bbox 386 2381 529 2427; x_wconf 88' lang='lat' dir='ltr'><strong>testatum.</strong></span> <span class='ocrx_word' id='word_1_68' title='bbox 564 2384 711 2446; x_wconf 82' lang='lat' dir='ltr'><strong>tempore,</strong></span> <span class='ocrx_word' id='word_1_69' title='bbox 731 2369 811 2448; x_wconf 84' lang='lat' dir='ltr'><strong>quod</strong></span> <span class='ocrx_word' id='word_1_70' title='bbox 833 2373 896 2446; x_wconf 83' lang='lat' dir='ltr'><strong>ipsa</strong></span> <span class='ocrx_word' id='word_1_71' title='bbox 914 2371 1080 2444; x_wconf 81' lang='lat' dir='ltr'><strong>inscriptio,</strong></span> 
     </span>
    </p>

    <p class='ocr_par' dir='ltr' id='par_1_13' title="bbox 59 2438 1081 2521">
     <span class='ocr_line' id='line_1_14' title="bbox 59 2438 1081 2521; baseline 0.001 -30"><span class='ocrx_word' id='word_1_72' title='bbox 59 2461 125 2496; x_wconf 79' lang='lat' dir='ltr'><strong>num</strong></span> <span class='ocrx_word' id='word_1_73' title='bbox 150 2441 206 2494; x_wconf 89' lang='lat' dir='ltr'><strong>hoc</strong></span> <span class='ocrx_word' id='word_1_74' title='bbox 229 2451 258 2493; x_wconf 92' lang='lat' dir='ltr'><strong>et</strong></span> <span class='ocrx_word' id='word_1_75' title='bbox 284 2438 424 2521; x_wconf 64' lang='lat' dir='ltr'><strong>quicquid</strong></span> <span class='ocrx_word' id='word_1_76' title='bbox 441 2440 476 2507; x_wconf 76' lang='lat' dir='ltr'><strong>de</strong></span> <span class='ocrx_word' id='word_1_77' title='bbox 496 2458 531 2495; x_wconf 89' lang='lat' dir='ltr'><strong>co</strong></span> <span class='ocrx_word' id='word_1_78' title='bbox 564 2447 799 2512; x_wconf 22' lang='lat' dir='ltr'><strong>,quaequer&#39;nvitc</strong></span> <span class='ocrx_word' id='word_1_79' title='bbox 813 2443 910 2493; x_wconf 77' lang='lat' dir='ltr'><strong>Catonis</strong></span> <span class='ocrx_word' id='word_1_80' title='bbox 919 2444 946 2492; x_wconf 84' lang='lat' dir='ltr'><strong>in</strong></span> <span class='ocrx_word' id='word_1_81' title='bbox 951 2439 1081 2506; x_wconf 70' lang='lat' dir='ltr'><strong>finrscri·</strong></span> 
     </span>
    </p>

    <p class='ocr_par' dir='ltr' id='par_1_14' title="bbox 59 2505 1082 2582">
     <span class='ocr_line' id='line_1_15' title="bbox 59 2505 1082 2582; baseline -0.001 -20"><span class='ocrx_word' id='word_1_82' title='bbox 59 2521 114 2564; x_wconf 87' lang='lat' dir='ltr'><strong>tatu</strong></span> <span class='ocrx_word' id='word_1_83' title='bbox 125 2507 154 2562; x_wconf 85' lang='lat' dir='ltr'><strong>di</strong></span> <span class='ocrx_word' id='word_1_84' title='bbox 178 2527 246 2562; x_wconf 90' lang='lat' dir='ltr'><strong>num</strong></span> <span class='ocrx_word' id='word_1_85' title='bbox 258 2519 316 2572; x_wconf 88' lang='lat' dir='ltr'><strong>est,</strong></span> <span class='ocrx_word' id='word_1_86' title='bbox 340 2510 407 2564; x_wconf 80' lang='lat' dir='ltr'><strong>Viri</strong></span> <span class='ocrx_word' id='word_1_87' title='bbox 426 2510 531 2564; x_wconf 84' lang='lat' dir='ltr'><strong>Claris-</strong></span> <span class='ocrx_word' id='word_1_88' title='bbox 565 2510 625 2576; x_wconf 88' lang='lat' dir='ltr'><strong>bit;</strong></span> <span class='ocrx_word' id='word_1_89' title='bbox 651 2514 776 2582; x_wconf 85' lang='lat' dir='ltr'><strong>itemque</strong></span> <span class='ocrx_word' id='word_1_90' title='bbox 792 2524 866 2580; x_wconf 91' lang='lat' dir='ltr'><strong>quae</strong></span> <span class='ocrx_word' id='word_1_91' title='bbox 885 2505 919 2561; x_wconf 88' lang='lat' dir='ltr'><strong>dc</strong></span> <span class='ocrx_word' id='word_1_92' title='bbox 935 2506 1082 2562; x_wconf 76' lang='lat' dir='ltr'><strong>veteranio</strong></span> 
     </span>
    </p>

    <p class='ocr_par' dir='ltr' id='par_1_15' title="bbox 59 2526 1084 2650">
     <span class='ocr_line' id='line_1_16' title="bbox 59 2526 1084 2650; baseline -0.004 -18"><span class='ocrx_word' id='word_1_93' title='bbox 59 2579 95 2644; x_wconf 81' lang='lat' dir='ltr'><strong>ti,</strong></span> <span class='ocrx_word' id='word_1_94' title='bbox 127 2526 205 2632; x_wconf 49' lang='lat' dir='ltr'><strong>aio.</strong></span> <span class='ocrx_word' id='word_1_95' title='bbox 226 2579 317 2629; x_wconf 85' lang='lat' dir='ltr'><strong>Henr.</strong></span> <span class='ocrx_word' id='word_1_96' title='bbox 337 2577 482 2630; x_wconf 87' lang='lat' dir='ltr'><strong>Boeclero</strong></span> <span class='ocrx_word' id='word_1_97' title='bbox 502 2577 532 2628; x_wconf 90' lang='lat' dir='ltr'><strong>in</strong></span> <span class='ocrx_word' id='word_1_98' title='bbox 566 2583 593 2631; x_wconf 86' lang='lat' dir='ltr'><strong>in</strong></span> <span class='ocrx_word' id='word_1_99' title='bbox 610 2579 714 2631; x_wconf 75' lang='lat' dir='ltr'><strong>Eumene</strong></span> <span class='ocrx_word' id='word_1_100' title='bbox 727 2581 877 2649; x_wconf 86' lang='lat' dir='ltr'><strong>queritur,</strong></span> <span class='ocrx_word' id='word_1_101' title='bbox 902 2595 961 2650; x_wconf 92' lang='lat' dir='ltr'><strong>quo</strong></span> <span class='ocrx_word' id='word_1_102' title='bbox 974 2576 1032 2628; x_wconf 91' lang='lat' dir='ltr'><strong>loci</strong></span> <span class='ocrx_word' id='word_1_103' title='bbox 1046 2573 1084 2628; x_wconf 82' lang='lat' dir='ltr'><strong>ad</strong></span> 
     </span>
    </p>

    <p class='ocr_par' dir='ltr' id='par_1_16' title="bbox 59 2643 1120 2718">
     <span class='ocr_line' id='line_1_17' title="bbox 59 2643 1120 2718; baseline -0.005 -18"><span class='ocrx_word' id='word_1_104' title='bbox 59 2646 216 2718; x_wconf 75' lang='lat' dir='ltr'><strong>»exemplo</strong></span> <span class='ocrx_word' id='word_1_105' title='bbox 241 2661 258 2696; x_wconf 92' lang='lat' dir='ltr'><strong>a</strong></span> <span class='ocrx_word' id='word_1_106' title='bbox 281 2661 312 2698; x_wconf 88' lang='lat' dir='ltr'><strong>se</strong></span> <span class='ocrx_word' id='word_1_107' title='bbox 336 2643 415 2698; x_wconf 89' lang='lat' dir='ltr'><strong>edito</strong></span> <span class='ocrx_word' id='word_1_108' title='bbox 434 2644 531 2708; x_wconf 89' lang='lat' dir='ltr'><strong>citati,</strong></span> <span class='ocrx_word' id='word_1_109' title='bbox 566 2645 643 2699; x_wconf 86' lang='lat' dir='ltr'><strong>belia</strong></span> <span class='ocrx_word' id='word_1_110' title='bbox 661 2646 758 2702; x_wconf 89' lang='lat' dir='ltr'><strong>civilia</strong></span> <span class='ocrx_word' id='word_1_111' title='bbox 775 2663 822 2701; x_wconf 89' lang='lat' dir='ltr'><strong>res</strong></span> <span class='ocrx_word' id='word_1_112' title='bbox 846 2645 911 2708; x_wconf 88' lang='lat' dir='ltr'><strong>icit,</strong></span> <span class='ocrx_word' id='word_1_113' title='bbox 936 2645 1013 2696; x_wconf 84' lang='lat' dir='ltr'><strong>clare</strong></span> <span class='ocrx_word' id='word_1_114' title='bbox 1035 2643 1083 2695; x_wconf 86' lang='lat' dir='ltr'><strong>de·</strong></span> <span class='ocrx_word' id='word_1_115' title='bbox 1117 2658 1120 2665; x_wconf 86' lang='grc'>’</span> 
     </span>
    </p>

    <p class='ocr_par' dir='ltr' id='par_1_17' title="bbox 59 2711 1085 2785">
     <span class='ocr_line' id='line_1_18' title="bbox 59 2711 1085 2785; baseline -0.005 -18"><span class='ocrx_word' id='word_1_116' title='bbox 59 2711 201 2767; x_wconf 80' lang='lat' dir='ltr'><strong>rditiilime</strong></span> <span class='ocrx_word' id='word_1_117' title='bbox 212 2712 356 2785; x_wconf 86' lang='lat' dir='ltr'><strong>persecuti</strong></span> <span class='ocrx_word' id='word_1_118' title='bbox 370 2722 444 2776; x_wconf 88' lang='lat' dir='ltr'><strong>sunt,</strong></span> <span class='ocrx_word' id='word_1_119' title='bbox 459 2711 533 2764; x_wconf 89' lang='lat' dir='ltr'><strong>nihil</strong></span> <span class='ocrx_word' id='word_1_120' title='bbox 566 2715 731 2769; x_wconf 81' lang='lat' dir='ltr'><strong>monstrant.</strong></span> <span class='ocrx_word' id='word_1_121' title='bbox 777 2715 814 2768; x_wconf 89' lang='lat' dir='ltr'><strong>Se</strong></span> <span class='ocrx_word' id='word_1_122' title='bbox 853 2713 979 2765; x_wconf 77' lang='lat' dir='ltr'><strong>Atticum</strong></span> <span class='ocrx_word' id='word_1_123' title='bbox 1002 2711 1085 2763; x_wconf 80' lang='lat' dir='ltr'><strong>istum</strong></span> 
     </span>
    </p>

    <p class='ocr_par' dir='ltr' id='par_1_18' title="bbox 59 2779 1084 2852">
     <span class='ocr_line' id='line_1_19' title="bbox 59 2779 1084 2852; baseline -0.002 -21"><span class='ocrx_word' id='word_1_124' title='bbox 59 2801 61 2831; x_wconf 86' lang='grc'>;</span> <span class='ocrx_word' id='word_1_125' title='bbox 86 2793 167 2836; x_wconf 90' lang='lat' dir='ltr'><strong>certe</strong></span> <span class='ocrx_word' id='word_1_126' title='bbox 190 2783 294 2852; x_wconf 79' lang='lat' dir='ltr'><strong>parum</strong></span> <span class='ocrx_word' id='word_1_127' title='bbox 310 2790 342 2832; x_wconf 90' lang='lat' dir='ltr'><strong>ut</strong></span> <span class='ocrx_word' id='word_1_128' title='bbox 366 2779 433 2834; x_wconf 88' lang='lat' dir='ltr'><strong>addi</strong></span> <span class='ocrx_word' id='word_1_129' title='bbox 454 2794 532 2832; x_wconf 88' lang='lat' dir='ltr'><strong>ame</strong></span> <span class='ocrx_word' id='word_1_130' title='bbox 568 2800 631 2834; x_wconf 89' lang='lat' dir='ltr'><strong>cum</strong></span> <span class='ocrx_word' id='word_1_131' title='bbox 651 2782 766 2836; x_wconf 82' lang='lat' dir='ltr'><strong>Caesari</strong></span> <span class='ocrx_word' id='word_1_132' title='bbox 782 2791 811 2834; x_wconf 89' lang='lat' dir='ltr'><strong>et</strong></span> <span class='ocrx_word' id='word_1_133' title='bbox 828 2779 964 2835; x_wconf 82' lang='lat' dir='ltr'><strong>Ciceroni</strong></span> <span class='ocrx_word' id='word_1_134' title='bbox 979 2793 1084 2850; x_wconf 87' lang='lat' dir='ltr'><strong>aequa·</strong></span> 
     </span>
    </p>

    <p class='ocr_par' dir='ltr' id='par_1_19' title="bbox 59 2842 1164 2920">
     <span class='ocr_line' id='line_1_20' title="bbox 59 2842 1164 2920; baseline -0.006 -16"><span class='ocrx_word' id='word_1_135' title='bbox 59 2849 116 2904; x_wconf 83' lang='lat' dir='ltr'><strong>tsit.</strong></span> <span class='ocrx_word' id='word_1_136' title='bbox 136 2849 211 2905; x_wconf 85' lang='lat' dir='ltr'><strong>Vide</strong></span> <span class='ocrx_word' id='word_1_137' title='bbox 227 2845 533 2902; x_wconf 84' lang='lat' dir='ltr'><strong>tamenduotostimo·</strong></span> <span class='ocrx_word' id='word_1_138' title='bbox 561 2851 623 2903; x_wconf 81' lang='lat' dir='ltr'><strong>iem</strong></span> <span class='ocrx_word' id='word_1_139' title='bbox 634 2850 731 2903; x_wconf 79' lang='lat' dir='ltr'><strong>vixiffe</strong></span> <span class='ocrx_word' id='word_1_140' title='bbox 742 2863 833 2920; x_wconf 85' lang='lat' dir='ltr'><strong>usqne</strong></span> <span class='ocrx_word' id='word_1_141' title='bbox 846 2848 876 2899; x_wconf 90' lang='lat' dir='ltr'><strong>in</strong></span> <span class='ocrx_word' id='word_1_142' title='bbox 888 2846 983 2919; x_wconf 82' lang='lat' dir='ltr'><strong>princi</strong></span> <span class='ocrx_word' id='word_1_143' title='bbox 1008 2857 1085 2899; x_wconf 84' lang='lat' dir='ltr'><strong>ctum</strong></span> <span class='ocrx_word' id='word_1_144' title='bbox 1160 2842 1164 2851; x_wconf 60' lang='lat'>‘</span> 
     </span>
    </p>

    <p class='ocr_par' dir='ltr' id='par_1_20' title="bbox 59 2864 1085 2990">
     <span class='ocr_line' id='line_1_21' title="bbox 59 2864 1085 2990; baseline -0.003 -21"><span class='ocrx_word' id='word_1_145' title='bbox 59 2965 60 2969; x_wconf 72' lang='grc'>,</span> <span class='ocrx_word' id='word_1_146' title='bbox 77 2918 115 2972; x_wconf 79' lang='grc' dir='ltr'><strong>Α.</strong></span> <span class='ocrx_word' id='word_1_147' title='bbox 137 2916 223 2972; x_wconf 84' lang='lat' dir='ltr'><strong>Gellii</strong></span> <span class='ocrx_word' id='word_1_148' title='bbox 240 2915 306 2970; x_wconf 88' lang='lat' dir='ltr'><strong>Lib.</strong></span> <span class='ocrx_word' id='word_1_149' title='bbox 323 2933 362 2981; x_wconf 86' lang='lat'><strong>17.</strong></span> <span class='ocrx_word' id='word_1_150' title='bbox 374 2917 458 2970; x_wconf 84' lang='lat' dir='ltr'><strong>Nost.</strong></span> <span class='ocrx_word' id='word_1_151' title='bbox 472 2917 531 2970; x_wconf 76' lang='lat' dir='ltr'><strong>Ast.</strong></span> <span class='ocrx_word' id='word_1_152' title='bbox 566 2917 687 2990; x_wconf 74' lang='lat' dir='ltr'><strong>Augusti</strong></span> <span class='ocrx_word' id='word_1_153' title='bbox 698 2918 765 2971; x_wconf 87' lang='lat' dir='ltr'><strong>satis</strong></span> <span class='ocrx_word' id='word_1_154' title='bbox 773 2915 894 2978; x_wconf 85' lang='lat' dir='ltr'><strong>constet,</strong></span> <span class='ocrx_word' id='word_1_155' title='bbox 908 2930 974 2969; x_wconf 87' lang='lat' dir='ltr'><strong>sane</strong></span> <span class='ocrx_word' id='word_1_156' title='bbox 983 2864 1085 2970; x_wconf 53' lang='lat' dir='ltr'><strong>Frobo</strong></span> 
     </span>
    </p>

    <p class='ocr_par' dir='ltr' id='par_1_21' title="bbox 59 2981 1086 3124">
     <span class='ocr_line' id='line_1_22' title="bbox 59 2981 1086 3041; baseline -0.006 -2"><span class='ocrx_word' id='word_1_157' title='bbox 59 3007 77 3041; x_wconf 76' lang='lat' dir='ltr'><strong>i.</strong></span> <span class='ocrx_word' id='word_1_158' title='bbox 93 3004 136 3041; x_wconf 68' lang='grc' dir='ltr'><strong>αι.</strong></span> <span class='ocrx_word' id='word_1_159' title='bbox 159 2987 282 3038; x_wconf 82' lang='lat' dir='ltr'><strong>Ernstius.</strong></span> <span class='ocrx_word' id='word_1_160' title='bbox 434 3019 438 3026; x_wconf 87' lang='lat'><em>-</em></span> <span class='ocrx_word' id='word_1_161' title='bbox 567 2984 610 3037; x_wconf 91' lang='lat' dir='ltr'><strong>illi</strong></span> <span class='ocrx_word' id='word_1_162' title='bbox 638 2984 800 3039; x_wconf 80' lang='lat' dir='ltr'><strong>nesciocui</strong></span> <span class='ocrx_word' id='word_1_163' title='bbox 825 2981 916 3037; x_wconf 87' lang='lat' dir='ltr'><strong>tribui</strong></span> <span class='ocrx_word' id='word_1_164' title='bbox 935 2981 1086 3039; x_wconf 79' lang='lat' dir='ltr'><strong>biciiber</strong></span> 
     </span>
     <span class='ocr_line' id='line_1_23' title="bbox 94 3046 1085 3124; baseline -0.003 -18"><span class='ocrx_word' id='word_1_165' title='bbox 94 3054 186 3108; x_wconf 88' lang='lat' dir='ltr'><strong>amvis</strong></span> <span class='ocrx_word' id='word_1_166' title='bbox 197 3053 245 3105; x_wconf 90' lang='lat' dir='ltr'><strong>bic</strong></span> <span class='ocrx_word' id='word_1_167' title='bbox 258 3049 486 3123; x_wconf 81' lang='lat' dir='ltr'><strong>elegantissimus</strong></span> <span class='ocrx_word' id='word_1_168' title='bbox 498 3049 533 3114; x_wconf 84' lang='lat' dir='ltr'><strong>li·</strong></span> <span class='ocrx_word' id='word_1_169' title='bbox 569 3069 628 3105; x_wconf 88' lang='lat' dir='ltr'><strong>uon</strong></span> <span class='ocrx_word' id='word_1_170' title='bbox 643 3062 755 3124; x_wconf 83' lang='lat' dir='ltr'><strong>potest,</strong></span> <span class='ocrx_word' id='word_1_171' title='bbox 774 3052 823 3124; x_wconf 92' lang='lat' dir='ltr'><strong>qui</strong></span> <span class='ocrx_word' id='word_1_172' title='bbox 838 3069 868 3105; x_wconf 91' lang='lat' dir='ltr'><strong>se</strong></span> <span class='ocrx_word' id='word_1_173' title='bbox 882 3049 934 3106; x_wconf 87' lang='lat' dir='ltr'><strong>suh</strong></span> <span class='ocrx_word' id='word_1_174' title='bbox 948 3046 1085 3104; x_wconf 81' lang='lat' dir='ltr'><strong>Theodo-</strong></span> 
     </span>
    </p>

    <p class='ocr_par' dir='ltr' id='par_1_22' title="bbox 59 3116 1083 3194">
     <span class='ocr_line' id='line_1_24' title="bbox 59 3116 1083 3194; baseline -0.008 -17"><span class='ocrx_word' id='word_1_175' title='bbox 59 3142 65 3158; x_wconf 92' lang='lat'>·</span> <span class='ocrx_word' id='word_1_176' title='bbox 84 3121 248 3194; x_wconf 76' lang='lat' dir='ltr'><strong>vulgariter</strong></span> <span class='ocrx_word' id='word_1_177' title='bbox 259 3117 420 3173; x_wconf 74' lang='lat' dir='ltr'><strong>AEmilium</strong></span> <span class='ocrx_word' id='word_1_178' title='bbox 435 3134 533 3189; x_wconf 88' lang='lat' dir='ltr'><strong>quem·</strong></span> <span class='ocrx_word' id='word_1_179' title='bbox 567 3119 605 3186; x_wconf 22' lang='lat' dir='ltr'><strong>iilo</strong></span> <span class='ocrx_word' id='word_1_180' title='bbox 618 3120 709 3185; x_wconf 84' lang='lat' dir='ltr'><strong>fuiffe,</strong></span> <span class='ocrx_word' id='word_1_181' title='bbox 721 3121 843 3192; x_wconf 83' lang='lat' dir='ltr'><strong>ipsemet</strong></span> <span class='ocrx_word' id='word_1_182' title='bbox 854 3116 971 3172; x_wconf 86' lang='lat' dir='ltr'><strong>indicat.</strong></span> <span class='ocrx_word' id='word_1_183' title='bbox 993 3121 1083 3173; x_wconf 81' lang='lat' dir='ltr'><strong>Corn.</strong></span> 
     </span>
    </p>

    <p class='ocr_par' dir='ltr' id='par_1_23' title="bbox 59 3185 1086 3269">
     <span class='ocr_line' id='line_1_25' title="bbox 59 3185 1086 3269; baseline -0.006 -26"><span class='ocrx_word' id='word_1_184' title='bbox 59 3209 79 3243; x_wconf 83' lang='lat' dir='ltr'><strong>n</strong></span> <span class='ocrx_word' id='word_1_185' title='bbox 94 3190 225 3254; x_wconf 82' lang='lat' dir='ltr'><strong>Probum</strong></span> <span class='ocrx_word' id='word_1_186' title='bbox 241 3196 393 3241; x_wconf 64' lang='lat' dir='ltr'><strong>&#39;auctorem</strong></span> <span class='ocrx_word' id='word_1_187' title='bbox 417 3185 531 3258; x_wconf 79' lang='lat' dir='ltr'><strong>praese·</strong></span> <span class='ocrx_word' id='word_1_188' title='bbox 567 3197 662 3239; x_wconf 89' lang='lat' dir='ltr'><strong>autem</strong></span> <span class='ocrx_word' id='word_1_189' title='bbox 679 3190 820 3261; x_wconf 85' lang='lat' dir='ltr'><strong>Nepotem</strong></span> <span class='ocrx_word' id='word_1_190' title='bbox 837 3187 893 3240; x_wconf 91' lang='lat' dir='ltr'><strong>hoc</strong></span> <span class='ocrx_word' id='word_1_191' title='bbox 909 3186 973 3269; x_wconf 90' lang='lat' dir='ltr'><strong>ipso</strong></span> <span class='ocrx_word' id='word_1_192' title='bbox 986 3185 1086 3239; x_wconf 75' lang='lat' dir='ltr'><strong>vixisse</strong></span> 
     </span>
    </p>

    <p class='ocr_par' dir='ltr' id='par_1_24' title="bbox 63 3254 1182 3328">
     <span class='ocr_line' id='line_1_26' title="bbox 63 3254 1182 3328; baseline -0.004 -18"><span class='ocrx_word' id='word_1_193' title='bbox 63 3295 73 3325; x_wconf 92' lang='lat'><strong>,</strong></span> <span class='ocrx_word' id='word_1_194' title='bbox 93 3257 184 3310; x_wconf 85' lang='lat' dir='ltr'><strong>multo</strong></span> <span class='ocrx_word' id='word_1_195' title='bbox 202 3255 310 3310; x_wconf 88' lang='lat' dir='ltr'><strong>rectius</strong></span> <span class='ocrx_word' id='word_1_196' title='bbox 327 3263 423 3307; x_wconf 88' lang='lat' dir='ltr'><strong>tamen</strong></span> <span class='ocrx_word' id='word_1_197' title='bbox 442 3254 530 3307; x_wconf 89' lang='lat' dir='ltr'><strong>Corn.</strong></span> <span class='ocrx_word' id='word_1_198' title='bbox 567 3264 698 3328; x_wconf 87' lang='lat' dir='ltr'><strong>tempore</strong></span> <span class='ocrx_word' id='word_1_199' title='bbox 709 3255 848 3310; x_wconf 80' lang='lat' dir='ltr'><strong>etCieero</strong></span> <span class='ocrx_word' id='word_1_200' title='bbox 856 3254 1083 3327; x_wconf 81' lang='lat' dir='ltr'><strong>etahiarguunt.</strong></span> <span class='ocrx_word' id='word_1_201' title='bbox 1179 3304 1182 3311; x_wconf 88' lang='grc'><em>,</em></span> 
     </span>
    </p>

    <p class='ocr_par' dir='ltr' id='par_1_25' title="bbox 59 3320 1087 3400">
     <span class='ocr_line' id='line_1_27' title="bbox 59 3320 1087 3400; baseline -0.005 -22"><span class='ocrx_word' id='word_1_202' title='bbox 59 3325 120 3400; x_wconf 90' lang='lat' dir='ltr'><strong>poti</strong></span> <span class='ocrx_word' id='word_1_203' title='bbox 145 3342 209 3376; x_wconf 92' lang='lat' dir='ltr'><strong>eum</strong></span> <span class='ocrx_word' id='word_1_204' title='bbox 232 3320 356 3377; x_wconf 83' lang='lat' dir='ltr'><strong>asscribi</strong></span> <span class='ocrx_word' id='word_1_205' title='bbox 379 3322 435 3387; x_wconf 76' lang='lat' dir='ltr'><strong>iam</strong></span> <span class='ocrx_word' id='word_1_206' title='bbox 459 3321 534 3373; x_wconf 88' lang='lat' dir='ltr'><strong>olim</strong></span> <span class='ocrx_word' id='word_1_207' title='bbox 568 3323 665 3400; x_wconf 74' lang='lat' dir='ltr'><strong>Quare</strong></span> <span class='ocrx_word' id='word_1_208' title='bbox 674 3323 762 3383; x_wconf 82' lang='lat' dir='ltr'><strong>Corn.</strong></span> <span class='ocrx_word' id='word_1_209' title='bbox 771 3321 993 3395; x_wconf 89' lang='lat' dir='ltr'><strong>Nepotircctius</strong></span> <span class='ocrx_word' id='word_1_210' title='bbox 1002 3338 1087 3393; x_wconf 80' lang='lat' dir='ltr'><strong>quam</strong></span> 
     </span>
    </p>

    <p class='ocr_par' dir='ltr' id='par_1_26' title="bbox 59 3389 1085 3462">
     <span class='ocr_line' id='line_1_28' title="bbox 59 3389 1085 3462; baseline -0.005 -14"><span class='ocrx_word' id='word_1_211' title='bbox 59 3392 274 3449; x_wconf 77' lang='lat' dir='ltr'><strong>sditiilimiViri</strong></span> <span class='ocrx_word' id='word_1_212' title='bbox 282 3397 466 3443; x_wconf 87' lang='lat' dir='ltr'><strong>censuerunt.</strong></span> <span class='ocrx_word' id='word_1_213' title='bbox 474 3389 533 3441; x_wconf 87' lang='lat' dir='ltr'><strong>Pro</strong></span> <span class='ocrx_word' id='word_1_214' title='bbox 567 3393 656 3444; x_wconf 74' lang='lat' dir='ltr'><strong>num.</strong></span> <span class='ocrx_word' id='word_1_215' title='bbox 664 3391 763 3445; x_wconf 88' lang='lat' dir='ltr'><strong>Probo</strong></span> <span class='ocrx_word' id='word_1_216' title='bbox 776 3389 822 3444; x_wconf 93' lang='lat' dir='ltr'><strong>hic</strong></span> <span class='ocrx_word' id='word_1_217' title='bbox 834 3389 912 3443; x_wconf 81' lang='lat' dir='ltr'><strong>liber</strong></span> <span class='ocrx_word' id='word_1_218' title='bbox 924 3389 1085 3462; x_wconf 77' lang='lat' dir='ltr'><strong>affiguntur.</strong></span> 
     </span>
    </p>

    <p class='ocr_par' dir='ltr' id='par_1_27' title="bbox 61 3452 1087 3531">
     <span class='ocr_line' id='line_1_29' title="bbox 61 3452 1087 3531; baseline -0.005 -16"><span class='ocrx_word' id='word_1_219' title='bbox 61 3452 532 3515; x_wconf 75' lang='lat' dir='ltr'><strong>enimestnonmodoiiiss.libro·</strong></span> <span class='ocrx_word' id='word_1_220' title='bbox 567 3461 662 3512; x_wconf 86' lang='lat' dir='ltr'><strong>Porro</strong></span> <span class='ocrx_word' id='word_1_221' title='bbox 682 3476 744 3511; x_wconf 89' lang='lat' dir='ltr'><strong>cum</strong></span> <span class='ocrx_word' id='word_1_222' title='bbox 768 3475 856 3531; x_wconf 80' lang='lat' dir='ltr'><strong>genus</strong></span> <span class='ocrx_word' id='word_1_223' title='bbox 875 3456 1013 3511; x_wconf 80' lang='lat' dir='ltr'><strong>dictionis</strong></span> <span class='ocrx_word' id='word_1_224' title='bbox 1035 3476 1087 3530; x_wconf 88' lang='lat' dir='ltr'><strong>pu·</strong></span> 
     </span>
    </p>

    <p class='ocr_par' dir='ltr' id='par_1_28' title="bbox 59 3523 1087 3598">
     <span class='ocr_line' id='line_1_30' title="bbox 59 3523 1087 3598; baseline -0.011 -16"><span class='ocrx_word' id='word_1_225' title='bbox 59 3547 77 3582; x_wconf 86' lang='lat' dir='ltr'><strong>u</strong></span> <span class='ocrx_word' id='word_1_226' title='bbox 96 3528 275 3590; x_wconf 80' lang='lat' dir='ltr'><strong>auctoritas,</strong></span> <span class='ocrx_word' id='word_1_227' title='bbox 295 3523 345 3579; x_wconf 77' lang='lat' dir='ltr'><strong>sed</strong></span> <span class='ocrx_word' id='word_1_228' title='bbox 361 3524 434 3578; x_wconf 79' lang='lat' dir='ltr'><strong>aliae</strong></span> <span class='ocrx_word' id='word_1_229' title='bbox 447 3523 542 3576; x_wconf 53' lang='lat' dir='ltr'><strong>etiam*</strong></span> <span class='ocrx_word' id='word_1_230' title='bbox 567 3545 648 3590; x_wconf 81' lang='lat' dir='ltr'><strong>rum,</strong></span> <span class='ocrx_word' id='word_1_231' title='bbox 667 3537 793 3595; x_wconf 78' lang='lat' dir='ltr'><strong>tersum,</strong></span> <span class='ocrx_word' id='word_1_232' title='bbox 810 3526 1087 3598; x_wconf 74' lang='lat' dir='ltr'><strong>inaffectatum‚pla.</strong></span> 
     </span>
    </p>

    <p class='ocr_par' dir='ltr' id='par_1_29' title="bbox 59 3589 1089 3668">
     <span class='ocr_line' id='line_1_31' title="bbox 59 3589 1089 3668; baseline -0.004 -17"><span class='ocrx_word' id='word_1_233' title='bbox 59 3596 193 3651; x_wconf 76' lang='lat' dir='ltr'><strong>ivissimae</strong></span> <span class='ocrx_word' id='word_1_234' title='bbox 206 3595 349 3658; x_wconf 87' lang='lat' dir='ltr'><strong>rationes,</strong></span> <span class='ocrx_word' id='word_1_235' title='bbox 369 3589 532 3664; x_wconf 87' lang='lat' dir='ltr'><strong>quaedubi-</strong></span> <span class='ocrx_word' id='word_1_236' title='bbox 568 3611 662 3668; x_wconf 85' lang='lat' dir='ltr'><strong>neque</strong></span> <span class='ocrx_word' id='word_1_237' title='bbox 676 3593 762 3647; x_wconf 86' lang='lat' dir='ltr'><strong>civile</strong></span> <span class='ocrx_word' id='word_1_238' title='bbox 775 3594 821 3659; x_wconf 85' lang='lat' dir='ltr'><strong>fit,</strong></span> <span class='ocrx_word' id='word_1_239' title='bbox 841 3590 1089 3666; x_wconf 83' lang='lat' dir='ltr'><strong>candidumqucet</strong></span> 
     </span>
    </p>

    <p class='ocr_par' dir='ltr' id='par_1_30' title="bbox 59 3661 1088 3736">
     <span class='ocr_line' id='line_1_32' title="bbox 59 3661 1088 3736; baseline -0.004 -17"><span class='ocrx_word' id='word_1_240' title='bbox 59 3662 126 3719; x_wconf 85' lang='lat' dir='ltr'><strong>ede</strong></span> <span class='ocrx_word' id='word_1_241' title='bbox 139 3679 174 3716; x_wconf 89' lang='lat' dir='ltr'><strong>eo</strong></span> <span class='ocrx_word' id='word_1_242' title='bbox 187 3663 235 3717; x_wconf 85' lang='lat' dir='ltr'><strong>vix</strong></span> <span class='ocrx_word' id='word_1_243' title='bbox 247 3664 348 3715; x_wconf 78' lang='lat' dir='ltr'><strong>imunt.</strong></span> <span class='ocrx_word' id='word_1_244' title='bbox 385 3663 447 3714; x_wconf 86' lang='lat' dir='ltr'><strong>Hoc</strong></span> <span class='ocrx_word' id='word_1_245' title='bbox 489 3661 532 3713; x_wconf 86' lang='lat' dir='ltr'><strong>ui·</strong></span> <span class='ocrx_word' id='word_1_246' title='bbox 567 3662 710 3736; x_wconf 82' lang='lat' dir='ltr'><strong>simplex,</strong></span> <span class='ocrx_word' id='word_1_247' title='bbox 756 3679 795 3715; x_wconf 90' lang='lat' dir='ltr'><strong>uo</strong></span> <span class='ocrx_word' id='word_1_248' title='bbox 816 3678 885 3719; x_wconf 84' lang='lat' dir='ltr'><strong>usus</strong></span> <span class='ocrx_word' id='word_1_249' title='bbox 904 3661 1015 3715; x_wconf 83' lang='lat' dir='ltr'><strong>Auctor</strong></span> <span class='ocrx_word' id='word_1_250' title='bbox 1035 3672 1088 3725; x_wconf 89' lang='lat' dir='ltr'><strong>est,</strong></span> 
     </span>
    </p>

    <p class='ocr_par' dir='ltr' id='par_1_31' title="bbox 59 3676 1092 3802">
     <span class='ocr_line' id='line_1_33' title="bbox 59 3676 1092 3802; baseline -0.004 -15"><span class='ocrx_word' id='word_1_251' title='bbox 59 3750 78 3787; x_wconf 87' lang='lat' dir='ltr'><strong>n</strong></span> <span class='ocrx_word' id='word_1_252' title='bbox 90 3749 128 3787; x_wconf 90' lang='lat' dir='ltr'><strong>ue</strong></span> <span class='ocrx_word' id='word_1_253' title='bbox 149 3731 192 3784; x_wconf 86' lang='lat' dir='ltr'><strong>ari</strong></span> <span class='ocrx_word' id='word_1_254' title='bbox 210 3749 270 3784; x_wconf 90' lang='lat' dir='ltr'><strong>non</strong></span> <span class='ocrx_word' id='word_1_255' title='bbox 287 3738 399 3801; x_wconf 82' lang='lat' dir='ltr'><strong>potest,</strong></span> <span class='ocrx_word' id='word_1_256' title='bbox 419 3728 449 3780; x_wconf 90' lang='lat' dir='ltr'><strong>in</strong></span> <span class='ocrx_word' id='word_1_257' title='bbox 461 3676 531 3783; x_wconf 68' lang='lat' dir='ltr'><strong>iiior.</strong></span> <span class='ocrx_word' id='word_1_258' title='bbox 566 3749 626 3787; x_wconf 82' lang='lat' dir='ltr'><strong>non</strong></span> <span class='ocrx_word' id='word_1_259' title='bbox 639 3731 670 3782; x_wconf 85' lang='lat' dir='ltr'><strong>in</strong></span> <span class='ocrx_word' id='word_1_260' title='bbox 682 3677 762 3785; x_wconf 49' lang='lat' dir='ltr'><strong>abab</strong></span> <span class='ocrx_word' id='word_1_261' title='bbox 773 3739 902 3802; x_wconf 85' lang='lat' dir='ltr'><strong>tempus,</strong></span> <span class='ocrx_word' id='word_1_262' title='bbox 926 3745 1015 3800; x_wconf 75' lang='lat' dir='ltr'><strong>quam</strong></span> <span class='ocrx_word' id='word_1_263' title='bbox 1029 3732 1092 3801; x_wconf 79' lang='lat' dir='ltr'><strong>quo&#39;</strong></span> 
     </span>
    </p>

    <p class='ocr_par' dir='ltr' id='par_1_32' title="bbox 59 3747 1088 3871">
     <span class='ocr_line' id='line_1_34' title="bbox 59 3747 1088 3871; baseline -0.004 -17"><span class='ocrx_word' id='word_1_264' title='bbox 59 3747 188 3855; x_wconf 58' lang='lat' dir='ltr'><strong>thasiam</strong></span> <span class='ocrx_word' id='word_1_265' title='bbox 202 3799 320 3852; x_wconf 70' lang='lat' dir='ltr'><strong>AEmio&#39;i</strong></span> <span class='ocrx_word' id='word_1_266' title='bbox 339 3800 415 3860; x_wconf 75' lang='lat' dir='ltr'><strong>Probi</strong></span> <span class='ocrx_word' id='word_1_267' title='bbox 428 3813 533 3871; x_wconf 86' lang='lat' dir='ltr'><strong>nomen</strong></span> <span class='ocrx_word' id='word_1_268' title='bbox 568 3798 722 3852; x_wconf 82' lang='lat' dir='ltr'><strong>Cornelius</strong></span> <span class='ocrx_word' id='word_1_269' title='bbox 742 3796 837 3858; x_wconf 79' lang='lat' dir='ltr'><strong>vixit,</strong></span> <span class='ocrx_word' id='word_1_270' title='bbox 863 3792 968 3849; x_wconf 82' lang='lat' dir='ltr'><strong>cadere</strong></span> <span class='ocrx_word' id='word_1_271' title='bbox 986 3797 1088 3869; x_wconf 84' lang='lat' dir='ltr'><strong>potest.</strong></span> 
     </span>
    </p>

    <p class='ocr_par' dir='ltr' id='par_1_33' title="bbox 59 3859 1090 3939">
     <span class='ocr_line' id='line_1_35' title="bbox 59 3859 1090 3939; baseline -0.006 -16"><span class='ocrx_word' id='word_1_272' title='bbox 59 3868 139 3933; x_wconf 80' lang='lat' dir='ltr'><strong>iare,</strong></span> <span class='ocrx_word' id='word_1_273' title='bbox 159 3865 210 3921; x_wconf 86' lang='lat' dir='ltr'><strong>sed</strong></span> <span class='ocrx_word' id='word_1_274' title='bbox 222 3867 262 3920; x_wconf 86' lang='lat' dir='ltr'><strong>ita</strong></span> <span class='ocrx_word' id='word_1_275' title='bbox 273 3869 380 3931; x_wconf 83' lang='lat' dir='ltr'><strong>tamen,</strong></span> <span class='ocrx_word' id='word_1_276' title='bbox 398 3866 532 3937; x_wconf 88' lang='lat' dir='ltr'><strong>utNepo·</strong></span> <span class='ocrx_word' id='word_1_277' title='bbox 566 3867 666 3939; x_wconf 88' lang='lat' dir='ltr'><strong>Neque</strong></span> <span class='ocrx_word' id='word_1_278' title='bbox 679 3865 757 3920; x_wconf 87' lang='lat' dir='ltr'><strong>enim</strong></span> <span class='ocrx_word' id='word_1_279' title='bbox 770 3859 893 3917; x_wconf 61' lang='lat' dir='ltr'><strong>aliudtin</strong></span> <span class='ocrx_word' id='word_1_280' title='bbox 906 3863 1051 3918; x_wconf 84' lang='lat' dir='ltr'><strong>Cicerone</strong></span> <span class='ocrx_word' id='word_1_281' title='bbox 1062 3875 1090 3918; x_wconf 87' lang='lat' dir='ltr'><strong>et</strong></span> 
     </span>
    </p>

    <p class='ocr_par' dir='ltr' id='par_1_34' title="bbox 62 3929 1089 4008">
     <span class='ocr_line' id='line_1_36' title="bbox 62 3929 1089 4008; baseline -0.007 -18"><span class='ocrx_word' id='word_1_282' title='bbox 62 3952 171 3992; x_wconf 89' lang='lat' dir='ltr'><strong>nornen</strong></span> <span class='ocrx_word' id='word_1_283' title='bbox 183 3932 427 3990; x_wconf 81' lang='lat' dir='ltr'><strong>non&#39;cxcludatur.</strong></span> <span class='ocrx_word' id='word_1_284' title='bbox 448 3929 534 4008; x_wconf 78' lang='lat' dir='ltr'><strong>Quod</strong></span> <span class='ocrx_word' id='word_1_285' title='bbox 567 3934 708 3997; x_wconf 83' lang='lat' dir='ltr'><strong>Caesare,</strong></span> <span class='ocrx_word' id='word_1_286' title='bbox 734 3932 783 4005; x_wconf 86' lang='lat' dir='ltr'><strong>qui</strong></span> <span class='ocrx_word' id='word_1_287' title='bbox 803 3931 865 3997; x_wconf 78' lang='lat' dir='ltr'><strong>eius</strong></span> <span class='ocrx_word' id='word_1_288' title='bbox 878 3932 980 3984; x_wconf 87' lang='lat' dir='ltr'><strong>coaevi</strong></span> <span class='ocrx_word' id='word_1_289' title='bbox 995 3932 1089 3996; x_wconf 85' lang='lat' dir='ltr'><strong>fuere,</strong></span> 
     </span>
    </p>

    <p class='ocr_par' dir='ltr' id='par_1_35' title="bbox 59 3995 1090 4073">
     <span class='ocr_line' id='line_1_37' title="bbox 59 3995 1090 4073; baseline -0.005 -15"><span class='ocrx_word' id='word_1_290' title='bbox 59 4012 250 4060; x_wconf 67' lang='lat' dir='ltr'><strong>:sanctorem</strong></span> <span class='ocrx_word' id='word_1_291' title='bbox 278 4003 371 4073; x_wconf 87' lang='lat' dir='ltr'><strong>ipsum</strong></span> <span class='ocrx_word' id='word_1_292' title='bbox 400 3995 532 4064; x_wconf 83' lang='lat' dir='ltr'><strong>ostendit,</strong></span> <span class='ocrx_word' id='word_1_293' title='bbox 567 4012 669 4055; x_wconf 89' lang='lat' dir='ltr'><strong>notare</strong></span> <span class='ocrx_word' id='word_1_294' title='bbox 682 4001 761 4054; x_wconf 84' lang='lat' dir='ltr'><strong>licet.</strong></span> <span class='ocrx_word' id='word_1_295' title='bbox 783 3995 1090 4053; x_wconf 79' lang='lat' dir='ltr'><strong>AtTheodosiiaetate</strong></span> 
     </span>
    </p>

    <p class='ocr_par' dir='ltr' id='par_1_36' title="bbox 73 4063 1089 4141">
     <span class='ocr_line' id='line_1_38' title="bbox 73 4063 1089 4141; baseline -0.007 -14"><span class='ocrx_word' id='word_1_296' title='bbox 73 4075 197 4127; x_wconf 86' lang='lat' dir='ltr'><strong>alterum</strong></span> <span class='ocrx_word' id='word_1_297' title='bbox 215 4070 423 4141; x_wconf 80' lang='lat' dir='ltr'><strong>exscriptorem</strong></span> <span class='ocrx_word' id='word_1_298' title='bbox 441 4064 533 4122; x_wconf 81' lang='lat' dir='ltr'><strong>decla·</strong></span> <span class='ocrx_word' id='word_1_299' title='bbox 566 4071 651 4140; x_wconf 84' lang='lat' dir='ltr'><strong>plane</strong></span> <span class='ocrx_word' id='word_1_300' title='bbox 665 4068 721 4122; x_wconf 87' lang='lat' dir='ltr'><strong>alia</strong></span> <span class='ocrx_word' id='word_1_301' title='bbox 734 4069 811 4121; x_wconf 88' lang='lat' dir='ltr'><strong>ratio</strong></span> <span class='ocrx_word' id='word_1_302' title='bbox 825 4063 939 4120; x_wconf 85' lang='lat' dir='ltr'><strong>dicendi</strong></span> <span class='ocrx_word' id='word_1_303' title='bbox 949 4067 1089 4136; x_wconf 81' lang='lat' dir='ltr'><strong>obtinuit,</strong></span> 
     </span>
    </p>

    <p class='ocr_par' dir='ltr' id='par_1_37' title="bbox 59 4134 1090 4210">
     <span class='ocr_line' id='line_1_39' title="bbox 59 4134 1090 4210; baseline -0.007 -16"><span class='ocrx_word' id='word_1_304' title='bbox 59 4160 70 4194; x_wconf 64' lang='lat' dir='ltr'><strong>s</strong></span> <span class='ocrx_word' id='word_1_305' title='bbox 113 4142 186 4196; x_wconf 86' lang='lat' dir='ltr'><strong>Nam</strong></span> <span class='ocrx_word' id='word_1_306' title='bbox 212 4135 393 4210; x_wconf 69' lang='lat' dir='ltr'><strong>descripiffe</strong></span> <span class='ocrx_word' id='word_1_307' title='bbox 409 4142 530 4205; x_wconf 72' lang='lat' dir='ltr'><strong>sanaim,</strong></span> <span class='ocrx_word' id='word_1_308' title='bbox 560 4136 809 4199; x_wconf 66' lang='lat' dir='ltr'><strong>humiliorgmulto</strong></span> <span class='ocrx_word' id='word_1_309' title='bbox 829 4134 962 4199; x_wconf 80' lang='lat' dir='ltr'><strong>scilicet,</strong></span> <span class='ocrx_word' id='word_1_310' title='bbox 1005 4145 1090 4210; x_wconf 72' lang='lat' dir='ltr'><strong>atquo</strong></span> 
     </span>
    </p>
   </div>
   <div class='ocr_carea' id='block_1_7' title="bbox 59 4204 694 4280">
    <p class='ocr_par' dir='ltr' id='par_1_38' title="bbox 59 4204 694 4280">
     <span class='ocr_line' id='line_1_40' title="bbox 59 4204 694 4280; baseline -0.005 -2"><span class='ocrx_word' id='word_1_311' title='bbox 59 4226 109 4279; x_wconf 79' lang='lat' dir='ltr'><strong>bm.</strong></span> <span class='ocrx_word' id='word_1_312' title='bbox 121 4223 149 4280; x_wconf 85' lang='grc' dir='ltr'><strong>Ι.</strong></span> <span class='ocrx_word' id='word_1_313' title='bbox 665 4204 694 4265; x_wconf 60' lang='lat' dir='ltr'>A</span> 
     </span>
    </p>
   </div>
   <div class='ocr_carea' id='block_1_8' title="bbox 995 2245 1106 2304">
    <p class='ocr_par' dir='ltr' id='par_1_39' title="bbox 995 2245 1106 2304">
     <span class='ocr_line' id='line_1_41' title="bbox 995 2245 1106 2304; baseline -0.009 -15"><span class='ocrx_word' id='word_1_314' title='bbox 995 2245 1081 2289; x_wconf 85' lang='lat' dir='ltr'><strong>uctor</strong></span> <span class='ocrx_word' id='word_1_315' title='bbox 1104 2298 1106 2304; x_wconf 24' lang='grc' dir='ltr'>Ι</span> 
     </span>
    </p>
   </div>
   <div class='ocr_carea' id='block_1_9' title="bbox 0 0 1310 4644">
    <p class='ocr_par' dir='ltr' id='par_1_40' title="bbox 0 0 1310 4644">
     <span class='ocr_line' id='line_1_42' title="bbox 0 0 1310 4644; baseline 0 0"><span class='ocrx_word' id='word_1_316' title='bbox 0 0 1310 4644; x_wconf 95' lang='lat' dir='ltr'><strong> </strong></span> 
     </span>
    </p>
   </div>
  </div>
 </body>
</html>
