2594 4644
73 280 103 356 ,’
136 303 177 368 n·
370 245 674 354 consentu
715 247 989 356 neronis

92 498 234 571 ltDomi
269 511 387 584 nutem¹
410 510 523 573 creant
564 495 678 558 decem
711 511 906 580 praetores,
970 497 1025 584 qui
1062 472 1237 561 exercitui

16 661 23 675 ,
135 604 342 688 precellent,
383 604 419 667 iu
454 603 504 666 eis
539 603 742 679 Miltiadem,
783 602 879 668 inter-
905 623 987 688 quoe
1003 598 1006 605 ’
1022 623 1137 686 magna
1157 600 1223 664 suit

49 865 52 869 -
133 833 234 899 lanes,
249 834 599 906 ppznepzsvntnomn
619 851 657 890 es.
691 828 825 902 κήρυκαι
844 833 931 889 etiam
954 830 1013 890 dici
1038 831 1144 893 docuit
1157 833 1221 888 Me-

132 903 215 1028 guae
236 905 276 957 ita
291 906 381 961 vertit
402 903 565 981 Appuleius
591 850 656 959 dl.
693 903 783 959 urlius
799 903 866 961 Lib.
882 923 931 957 ur.
950 904 986 957 L.
1011 902 1071 958 An.
1091 920 1156 975 cap.
1174 920 1230 979 ιι.ἱ

160 972 396 1039 xcursoresdiurni‚
415 977 658 1043 utquenocturniex-
692 969 824 1027 APerfis
847 971 917 1026 dicti
935 969 1092 1036 Ἀσάνὸαι,
1118 969 1165 1024 vel
1177 968 1220 1024 ’A-

55 1092 57 1099 ,
133 1033 248 1117 (puel
262 1042 662 1112 ploratoret‚etnunciispeculn·
693 1038 831 1096 σκάνὸαι.
868 1039 925 1096 Vir
945 1043 1032 1096 Doct.
1058 1038 1095 1093 ad
1118 1037 1219 1093 lustin.

131 1128 191 1165 tuor
213 1111 348 1173 incensores
371 1109 470 1176 nffldut'.
519 1109 658 1190 Quamvis
692 1107 785 1165 Libro
802 1130 829 1164 x.
856 1127 888 1164 ea
912 1107 952 1162 ite
966 1110 993 1165 3.
1016 1103 1219 1188 etiem'iiyya·

131 1188 230 1232 eutem
245 1178 317 1232 haec
338 1177 456 1233 diversa
480 1179 579 1231 munia
594 1178 658 1244 lint,
693 1190 755 1240 ροι.
784 1198 813 1235 v.
836 1179 863 1232 Il
907 1175 975 1231 ‚ad
998 1175 1117 1233 Suidam
1136 1194 1168 1243 m
1185 1195 1217 1229 v.

130 1257 228 1301 tarnen
251 1246 283 1298 in
309 1265 368 1301 uno
394 1246 471 1300 haud
495 1263 565 1300 raro
591 1264 660 1301 con·
686 1245 839 1318 ’Ἀγγαροι
862 1258 892 1301 et
915 1245 1044 1301 Brillon.
1069 1243 1105 1300 de
1123 1244 1217 1309 tt.·.1‘.

118 1321 263 1369 *currunt
284 1315 386 1369 Livius
402 1332 471 1369 sane
488 1315 519 1377 in
535 1315 659 1388 allegato
692 1319 726 1374 L.
745 1335 770 1369 ι.
797 1313 821 1385 d.
843 1316 904 1380 238,
933 1314 992 1383 239.

46 1425 48 1428 .
131 1399 220 1457 supra
235 1383 303 1436 loco
321 1382 565 1438 hemerodromumee
572 1386 660 1454 specu·
708 1383 805 1436 ‘Domi
821 1394 903 1438 autem
924 1390 1009 1436 creent
1033 1383 1114 1438 decem
1129 1388 1218 1450 >praem

130 1453 234 1504 latorem
250 1451 312 1505 sive
328 1451 457 1517 σκοπόν,
483 1469 573 1505 ιιιιιιιιι
590 1470 657 1506 eun·
692 1455 739 1522 pue}
750 1455 874 1506 exercitui
887 1447 987 1534 pratens.
1010 1454 1090 1505 ineis
1107 1450 1220 1506 Miltia-

91 1532 110 1597 >
130 1519 254 1590 demque
282 1519 362 1574 facit.
399 1520 513 1574 Aeneas
539 1537 658 1644 speque
692 1516 761 1589 dnn]
779 1519 1217 1584 Notentrudroresomnemma·

130 1591 265 1643 Tactieus
280 1605 344 1641 cum
361 1605 425 1662 cap.
443 1609 485 1643 vr.
505 1590 548 1642 Po
562 1590 657 1644 iorce-
713 1589 860 1655 istratum,
879 1588 1079 1642 cuiexercitus
1087 1595 1218 1663 pareret,

129 1657 182 1711 tici
201 1657 236 1710 de
251 1654 474 1723 ἡμεροσκόποιι
491 1656 576 1729 agit,
606 1655 656 1709 du·
692 1607 836 1713 d'raetorem
867 1667 1077 1731 nuncupatum.
1125 1654 1219 1714 Liber

128 1726 197 1801 pler
212 1724 249 1778 iis
266 1724 396 1781 cilicium
411 1726 537 1800 affigunt.
554 1725 664 1781 Primo,
691 1724 828 1782 Andreae
853 1725 984 1783 Schotti:
1017 1724 1106 1780 Domi
1134 1732 1220 1779 nam
1247 1754 1249 1759 .

129 1795 208 1846 enim
225 1793 288 1847 vult
303 1813 423 1851 servare
439 1794 520 1868 ipsos
539 1794 574 1849 de
592 1811 656 1868 spe·
693 1805 779 1850 creant
791 1797 871 1849 decem
886 1805 1020 1860 praetores,
1039 1798 1067 1848 in
1089 1796 1124 1848 eis
1143 1788 1219 1848 Mil·

128 1863 211 1927 cula,
239 1873 345 1933 atquc,
379 1865 403 1920 s'i
419 1882 510 1937 opus,
543 1863 658 1936 signum
692 1865 795 1923 liudem.
816 1861 965 1918 Gebhard.
1002 1860 1094 1927 lllud,
1110 1865 1156 1931 qui
1173 1877 1219 1913 ex·

128 1928 217 1983 edere
251 1932 296 1984 rei
325 1931 429 1997 visae,
460 1929 656 2006 quodcunque
691 1936 783 1989 ercitui
806 1928 952 2001 praeessent,
970 1928 1087 1986 videtur
1103 1943 1217 1986 nonne·

127 1998 197 2052 ellet
210 1998 343 2055 tandem:
377 1999 483 2055 deinde
496 2010 529 2053 ut
542 2000 566 2055 si
585 1996 656 2073 quid
690 2000 763 2056 mini
780 2001 925 2064 alienum,
952 2008 982 2052 et
997 1998 1072 2052 foris
1087 1996 1216 2052 inculca·

126 2066 292 2133 accidillet,
320 2068 402 2142 quod
421 2067 501 2125 edito
517 2067 595 2142 ligno
613 2082 656 2120 sa·
689 2079 768 2136 tum,
804 2087 840 2124 eo
865 2066 946 2142 quod
970 2084 1027 2121 vox
1043 2076 1217 2140 praetorum

125 2134 166 2188 tis
182 2135 333 2190 commode
355 2136 432 2190 haud
447 2136 572 2208 exprimi
586 2152 654 2206 pos·
690 2139 753 2193 sola
775 2154 839 2192 rem
862 2136 1015 2209 exprimat.
1061 2132 1119 2190 Sed
1142 2133 1232 2195 haee,

126 2212 181 2268 set,
190 2204 253 2277 ipsi
265 2215 453 2258 accurrerent
461 2215 653 2277 quantocyus,
688 2205 784 2272 sorte,
803 2242 805 2246 -
825 2216 946 2281 praeter
976 2201 1228 2259 consuetudinem

125 2281 159 2323 ut
175 2289 209 2325 ea
225 2271 260 2325 de
278 2273 510 2327 renunciarent.
543 2272 577 2324 ln
592 2272 653 2341 pri·
689 2273 775 2340 hujus
800 2274 984 2347 scripturae,
1012 2269 1213 2328 emendantur.

124 2354 175 2393 tno
195 2350 228 2392 ut
239 2350 319 2393 recte
328 2351 502 2405 versentur,
520 2339 656 2408 ἐμπεὶρυι
688 2341 831 2416 Agnoscit
843 2341 936 2396 verba
953 2339 1152 2406 Msenottcr
1165 2356 1215 2392 co.

95 2446 110 2455 .,
125 2407 258 2472 nolente,
281 2411 370 2477 peritos
384 2409 446 2463 belli
461 2409 516 2462 else
532 2409 607 2476 vult,
617 2424 654 2462 ne
688 2410 762 2475 dex,
782 2408 1043 2486 [quemadmodum
1053 2418 1082 2460 et
1090 2406 1212 2481 reliqui.

124 2472 313 2548 decipiantur
322 2476 470 2533 videndo:
489 2476 653 2532 deiudeno·
682 2476 775 2548 Μ]
794 2479 989 2551 congruitque
1007 2475 1127 2552 phralis,
1143 2491 1216 2544 prae-

54 2592 59 2597 .
123 2543 243 2609 ὁώκειι,
277 2546 403 2598 celeritate
422 2547 510 2615 pedum
527 2546 652 2616 potentes,
688 2556 729 2601 tor
740 2553 864 2604 exercitui
880 2549 1003 2622 praeficit.
1011 2564 1038 2613 ς),
1049 2564 1072 2610 ι,
1086 2545 1215 2599 1.Boee·

65 2642 68 2649 ι
123 2609 270 2684 utsiquid
282 2614 496 2680 nunciandum,
516 2614 665 2669 celeritcr'
687 2617 743 2672 ler.
780 2616 860 2670 Idem
876 2614 941 2671 cod.
957 2614 1055 2669 Boccl.
1073 2628 1214 2684 unacum

120 2679 245 2804 pollint,
278 2681 358 2755 quod
378 2685 467 2758 plane
491 2681 651 2750 estcinepo·
686 2687 762 2742 Dan.
781 2685 893 2740 Schotti
910 2696 939 2739 et
954 2681 1035 2741 Leid.
1050 2680 1213 2739 normales
1245 2737 1248 2742 .

142 2748 233 2817 ρόιιυι
257 2750 366 2805 facere.
387 2752 483 2807 Bucen.
518 2755 562 2807 De
586 2768 651 2806 eur·
686 2755 863 2821 orenntdecem
875 2768 916 2823 pr.
937 2762 991 2807 etc.
1012 2753 1039 2807 in
1052 2750 1214 2819 eisMiltia·

46 2828 48 2833 '
122 2817 242 2873 ceribus
274 2817 450 2891 peditibus,
489 2821 651 2893 equitibus,
685 2822 749 2876 dem.
775 2821 885 2878 Bofius.
927 2818 1009 2875 Leid.
1037 2818 1113 2871 Domi
1140 2824 1212 2870 erant

121 2885 318 2941 animantibus
336 2887 649 2970 videelegantemLip-
686 2901 767 2944 autem
780 2898 875 2942 creant.
894 2892 965 2944 Mss.
983 2888 1115 2945 Omnet
1129 2884 1210 2943 Voff·

104 2952 158 3007 vsii
177 2954 344 3026 epistolam,
377 2975 452 3030 quae
470 2962 502 3012 in
518 2967 650 3011 centuria
672 2959 719 3013 -Β,
738 2959 772 3014 G.
787 2968 873 3013 creant
892 2976 932 3011 10.
949 2965 1079 3031 praetores,
1094 2950 1147 3008 uhi
1169 2962 1212 3007 ta·

120 3021 264 3096 singulari
274 3020 310 3074 ad
326 3024 392 3080 Ital.
411 3036 440 3078 ct
463 3026 586 3099 Hispan.
606 3034 651 3080 est
684 3044 751 3080 men
769 3027 800 3082 in
823 3026 1002 3098 margineB.
1019 3033 1152 3077 notatum
1168 3029 1214 3076 est

117 3089 165 3157 δι).
184 3089 220 3144 ad
236 3090 429 3150 Micaultium.
451 3093 590 3148 Cucurrit
599 3110 648 3146 au·
684 3096 720 3149 al.
737 3099 817 3150 creati
825 3116 835 3164 3
856 3105 885 3148 et
899 3113 955 3166 pro
970 3091 1117 3156 Miltiades,
1139 3090 1214 3145 Mil·

112 3166 180 3212 ,tem
197 3158 245 3212 hic
262 3157 444 3232 Philippides
458 3158 648 3214 biduotths-
684 3165 795 3231 liudem,
830 3175 863 3218 ut
878 3174 907 3216 et
922 3161 1048 3219 Voffian.
1074 3159 1111 3214 A.
1131 3169 1159 3211 et
1174 3159 1210 3213 B.

118 3226 165 3280 nis
180 3226 428 3280 Lacedaemonem
436 3229 516 3282 mille
525 3226 649 3285 ducenta
685 3242 715 3286 et
731 3233 779 3287 hic
796 3234 827 3286 in
843 3248 933 3306 marg.
950 3232 986 3284 al.
1000 3231 1021 3283 l.
1038 3226 1212 3298 Milcyndes.

34 3302 54 3343 .·
116 3293 309 3369 quadraginta
346 3295 449 3361 stadia,
489 3295 649 3351 secundum
683 3303 727 3355 De
752 3300 853 3355 decem
876 3300 920 3353 his
941 3296 1130 3371 praetoribus
1153 3295 1213 3349 hoo

25 3386 29 3402 ·
118 3363 215 3420 Solin.
234 3381 299 3437 cap.
311 3366 337 3419 6.
358 3364 463 3418 Suidas
473 3365 553 3418 mille
564 3365 647 3438 quln-
683 3379 818 3446 tempore
836 3367 941 3429 creatis
957 3365 1075 3438 egregie
1089 3365 1211 3418 Perizo-

115 3443 205 3506 genta
234 3431 385 3486 nominat:
425 3433 538 3488 Plinius
558 3451 645 3492 nean.
683 3436 749 3492 niu's
769 3435 806 3490 ad
822 3436 975 3490 Aelianum
987 3435 1053 3489 Lib.
1072 3451 1102 3487 v,
1123 3436 1159 3488 V.
1171 3433 1210 3486 H.

116 3500 227 3576 Liplius
253 3500 333 3554 mille
356 3499 481 3555 ducenta
499 3503 648 3586 sexaginta
684 3507 801 3579 cap.13.
822 3523 899 3558 num.
911 3506 937 3558 6.
949 3502 1058 3556 eadem
1067 3501 1130 3554 fere
1139 3517 1210 3574 pro-

114 3571 259 3649 praefert.
296 3579 363 3623 sunt
390 3571 476 3626 Rom.
508 3573 648 3626 milliaria
682 3574 799 3640 ferens,
819 3590 893 3646 quae
909 3571 1147 3643 scripsitadle.
1158 3588 1208 3626 ιιι.

113 3649 232 3695 eentum
249 3637 463 3763 qunquaginta
486 3650 600 3713 septem
617 3651 647 3694 et
683 3628 869 3711 cffirwtnm.
893 3659 946 3708 17..
970 3645 1014 3696 De
1027 3640 1086 3693 hac
1104 3637 1212 3691 ducum

114 3709 222 3765 semis:
259 3706 372 3762 nostrae
412 3724 501 3762 eneae
523 3708 646 3765 circiter
681 3711 890 3775 contentione,
910 3708 961 3762 scd
974 3708 1070 3762 nostro
1080 3704 1210 3762 Miltiadi

94 3776 321 3851 quadraginta.
351 3775 399 3829 Res
415 3795 463 3829 non
478 3777 644 3843 adeomagnn,
673 3779 880 3841 ¹Callimacho,
907 3776 1097 3851 Aphidnaeo,
1122 3774 1208 3829 Pole-

1 3903 2 3911 ,
94 3848 142 3904 ,οἱ
160 3863 225 3899 cum
248 3842 354 3898 ceteris
372 3846 530 3920 exemplis,
570 3861 645 3917 quae
679 3847 800 3903 marcho
827 3846 1007 3920 suffragante
1037 3842 1221 3913 Herodotus·

114 3914 237 3988 collegit
250 3913 319 3978 illc,
341 3915 524 3968 conferatur.
559 3916 643 3970 Boecl.
678 3914 746 3997 ij.
762 3934 805 3972 vr.
826 3932 890 3987 cap.
912 3933 971 3983 ¹⁰9³
990 3925 1019 3967 et
1033 3910 1208 3967 Plutarchus

114 3982 198 4040 Leid.
224 3981 448 4046 elementorum
476 3982 547 4036 item
568 3987 642 4040 Vos.
678 3982 745 4038 Lib.
765 4002 789 4038 ι.
810 4002 936 4055 sympos.
956 3982 1204 4055 quaest.10.pag.

85 4052 191 4121 cion.
247 4051 350 4106 .Vott.
369 4042 402 4105 G.
426 4052 646 4106 hemordrameoo-
678 4053 743 4108 oct·
766 4053 871 4125 singuli
896 4053 926 4106 hi
946 4062 1100 4125 praetores
1115 4048 1206 4102 habe·
1253 4096 1257 4103 .

23 4130 28 4149 '
115 4130 198 4186 cetur,
237 4119 306 4174 aulo
320 4117 464 4192 pollhuic
478 4119 552 4182 Cod.
571 4135 645 4188 quom
677 4120 847 4175 hantunam
869 4120 1051 4190 πρυτανηῖην
1069 4122 1120 4183 tels
1138 4115 1206 4182 tine.

114 4188 193 4245 ebell
215 4198 282 4264 aute
303 4189 387 4249 celeri.
441 4184 503 4265 Hos
530 4188 639 4261 ὁρομο·
672 4205 728 4263 pos
744 4198 778 4248 ut
792 4189 929 4268 loquitur
942 4206 1007 4265 eap.
1028 4194 1087 4246 ιἰο.
1108 4189 1205 4244 Hero.
1246 4175 1257 4197 ⁴
