2594 4644
294 248 300 261 “
365 291 830 357 ΤΕΒῊΜΟΝΙΑ.
1040 312 1138 355 uxxax

228 372 236 399 h

11 502 16 564 Ι
71 498 206 586 stupeum
220 501 280 562 leve
290 514 354 562 etc.
377 519 459 585 quae
473 499 573 560 lectio
585 496 861 583 probabiliores,
885 500 1016 584 quaein
1034 502 1138 562 otnni·

71 607 119 673 bus
127 608 264 694 reliquis
274 607 460 680 codicibus,
476 625 558 693 quos
575 624 638 689 ego
649 606 806 688 legerim,
819 605 926 670 videri
934 604 1048 690 potest,
1066 625 1139 670 cum

67 715 340 778 ihi·s1c·:babeant
364 714 432 775 Neu
444 712 558 784 dubito,
574 711 813 795 sumptumque,
834 716 942 784 Attice,
963 734 1009 792 qm
1006 715 1073 773 *hoe
1088 736 1137 797 ge·
1176 790 1179 799 ι

61 844 104 883 mu
116 822 275 904 scripturae
290 820 420 883 leveetc.
451 816 720 919 Quandoquidem
738 817 923 903 neutiquam
940 818 1069 884 frivolis
1087 843 1137 882 ar-

11 898 218 1014 *pauentis
237 925 300 1010 jam
316 925 406 989 fuit
397 948 432 989 ιιι
459 926 553 988 citata
570 924 701 1012 epistola
724 925 855 992 anobis
879 924 1154 1011 demonstratum,¹

56 1035 232 1097 Aemilium
246 1032 392 1096 Probum
409 1010 584 1115 Pomponii
601 1030 735 1119 Attici
719 1045 927 1095 coaetaneum
947 1052 1011 1123 non
1028 1034 1138 1099 sui‘iee

56 1136 134 1227 quin
149 1162 233 1227 opus
247 1139 310 1212 hoo
328 1136 509 1201 ἸῙιεοᾶοΓιο
504 1114 718 1229 Imperatori
733 1125 797 1200 effe
812 1136 966 1219 dicatum3
989 1141 1078 1223 cujus
1089 1147 1139 1209 rei

52 1248 253 1368 epigramma
268 1244 350 1307 illud
366 1242 406 1306 ad
428 1218 649 1308 Theodosium
664 1243 819 1331 praebeat
840 1244 1065 1314 testimouium.
1108 1224 1141 1317 ‘a'

53 1348 208 1440 principe
223 1364 329 1414 autem
348 1350 509 1414 Graeciae
525 1348 655 1415 civitate
671 1374 769 1414 suam
779 1352 990 1457 scriptionem
1002 1356 1141 1445 appellat

53 1464 199 1533 Atticam,
237 1458 325 1543 quod
351 1461 551 1521 Graecorum
575 1454 808 1563 Imperatorum
829 1460 913 1523 ritas
935 1463 1141 1545 complexura

55 1564 155 1640 ess'et,
178 1565 257 1628 licet
278 1563 313 1625 id
330 1584 396 1627 non
413 1563 584 1625 admodum
598 1553 736 1648 proprie
747 1564 869 1627 dictum
879 1568 1044 1644 rideatur,
1067 1589 1140 1630 cum

56 1691 209 1734 sermone
224 1683 331 1733 utatur
347 1670 483 1744 Latino,
505 1691 571 1732 nou
585 1672 723 1732 Graeco.
767 1671 834 1733 Sed
848 1672 951 1747 dices,
974 1694 1045 1735 cum
1058 1674 1138 1736 duct
1172 1659 1180 1675 ⁹

56 1777 115 1841 ille
139 1776 244 1855 libros
265 1776 452 1860 scripserit,
475 1796 613 1862 quorum
628 1773 807 1861 posterior,
841 1793 876 1840 ut
896 1778 1032 1866 ipsemet
1049 1779 1140 1865 testa-

56 1895 123 1957 tur,
144 1889 219 1942 vitus
232 1883 414 1949 Romanarum
423 1885 622 1967 Imperatorum
633 1884 835 1958 contineret,
858 1905 894 1947 ac
907 1885 1066 1971 praefatio
1077 1909 1141 1949 arn·

55 1988 163 2053 bobus
179 1992 357 2055 communis
374 1991 468 2055 fuiffe
489 1989 581 2053 credi
597 1988 711 2075 poffit,
733 2009 814 2073 quos
843 1989 910 2051 libri
931 2012 1012 2055 voce
1032 1995 1142 2078 appel-

55 2096 194 2172 laverit,
216 2097 384 2183 inquiens:
408 2100 447 2160 Et
465 2102 496 2161 iu
511 2096 559 2160 bec
576 2115 737 2180 exponemus
752 2096 822 2157 libro
836 2097 870 2156 de
891 2097 1144 2159 eitaeueelleutium

56 2204 276 2287 desperatorum,
302 2220 338 2268 ut
364 2206 460 2270 etiam
483 2204 810 2269 titulusxhldinorum
832 2198 1142 2289 exemplarium'de·

56 2308 227 2385 monstrat,
249 2311 367 2374 rationi
392 2312 648 2399 haudquaquam
662 2311 705 2374 est
731 2311 992 2384 consentaneum,
1022 2315 1144 2372 Atticum

59 2419 128 2493 diei
149 2414 360 2503 scripturam,
384 2441 465 2507 quae
480 2441 582 2506 aeque
604 2433 637 2481 et
651 2421 796 2483 Graecos
814 2432 847 2482 et
859 2419 991 2480 Latinos
1001 2421 1143 2502 Impera·
1159 2462 1163 2469 ·
1229 2406 1236 2415 ⁸

57 2539 150 2590 tores
170 2527 344 2590 contineat.
395 2506 612 2612 Respondeo,
641 2524 876 2609 praefationem
896 2521 978 2587 hanc
998 2523 1036 2585 ad
1052 2525 1142 2609 prio-
1206 2523 1208 2527 ’

59 2652 130 2694 rem
147 2619 297 2694 duntaxat
314 2633 434 2709 librum
450 2636 638 2719 pertinere,
660 2652 740 2719 eum·
755 2632 788 2693 in
804 2652 842 2692 ea
860 2631 946 2693 nulla
956 2633 1144 2695 Latinorum

58 2736 145 2799 iacta
169 2737 213 2801 sit
238 2740 379 2813 mentio,
411 2722 593 2824 dequibus
622 2740 724 2802 altera
745 2738 897 2823 privatim
921 2737 1142 2822 praefatione,

60 2864 142 2931 qnae
157 2840 330 2930 posteriori
347 2846 434 2908 libro
449 2844 591 2930 praefixa
606 2845 647 2906 de
663 2865 753 2905 more
764 2845 818 2916 sit,
832 2843 1033 2926 loqueretur.
1048 2822 1145 2938 Quod

60 2970 140 3013 vero
158 2964 285 3036 spectat
300 2950 340 3011 ad
357 2952 411 3033 illa
432 2952 549 3027 rerba,
572 2952 621 3033 ¹Er
643 2955 673 3011 iu
697 2946 744 3009 hue
768 2966 928 3030 exponemus
946 2948 1016 3008 libro
1032 2950 1066 3008 de
1087 2955 1147 3009 vitu

60 3056 245 3121 excedentium
261 3059 479 3140 Imperatorum,
500 3057 602 3119 librum
618 3078 679 3141 ego
693 3053 797 3141 accipi
814 3069 894 3138 puto
912 3075 977 3117 uon
996 3076 1059 3141 pro
1071 3055 1142 3115 uni·
1219 3070 1225 3077 ·

60 3182 158 3229 verso
179 3181 281 3247 opere
304 3165 416 3252 (qnod
436 3166 514 3226 alias
534 3162 666 3247 fortaiie
679 3183 745 3225 non
762 3163 833 3222 sine
849 3181 964 3222 errore
981 3160 1063 3241 feci)
1048 3159 1145 3247 >sed

59 3288 119 3351 pro
134 3268 222 3330 libro
238 3289 314 3331 uno.
363 3268 531 3330 Graecorum
552 3280 656 3341 autem
671 3290 736 3330 non
752 3267 825 3330 addi
841 3268 1055 3338 mentionem,
1070 3265 1145 3366 quia
1211 3332 1216 3343 ⁸

58 3376 119 3457 jam
137 3373 180 3436 de
199 3376 334 3439 Graecis
354 3375 513 3460 agendum
530 3376 613 3451 elie,
637 3373 829 3449 sitdictum,
852 3374 939 3435 nulla
955 3388 1061 3437 tamen
1075 3395 1144 3435 mu·

54 3481 149 3545 tueris
172 3482 377 3569 Imperatorii
400 3477 486 3544 iacta
511 3481 692 3556 mentione,
729 3503 810 3566 quae
833 3481 930 3544 modo
953 3494 1142 3566 apponatur,

58 3607 98 3650 ue
111 3586 155 3650 de
171 3588 314 3648 omnium
329 3574 516 3672 prorniscue
537 3588 714 3673 insigniunt
739 3591 896 3653 Graeciae
918 3589 1065 3653 virorum
1078 3583 1145 3657 rita

58 3689 112 3754 hic
129 3692 237 3756 lector
247 3693 408 3778 agendum
426 3695 490 3757 effe
508 3695 671 3760 crederet.
713 3695 828 3771 Vides,
851 3707 1002 3781 quantum
1017 3691 1060 3756 sit
1075 3691 1141 3755 ool-

58 3797 233 3877 locatiouis
256 3802 390 3867 voculae
415 3802 511 3864 unius
533 3816 739 3867 momentum.
781 3801 931 3866 Relativo
954 3821 1034 3885 ergo
1055 3799 1142 3882 voci,

57 3908 185 3982 Atticae,
207 3908 407 3994 praepossto,
431 3908 537 3971 omnia
554 3922 644 3971 recte
660 3904 780 3971 habere
798 3907 967 3982 videntur,
990 3921 1024 3971 et
1042 3900 1160 3992 quaes

59 4008 131 4074 dam
148 4012 357 4079 difficultates
375 4015 550 4087 sacesshnt‚
572 4036 654 4100 quae
675 4015 823 4079 olimnoa
835 4011 1139 4085 circumveniebant,

59 4117 135 4185 dum
148 4121 294 4185 Probum
310 4121 490 4185 Theodosii
504 4133 607 4184 aetate
623 4121 734 4184 vixiffe
751 4116 994 4182 affirmaremus.
1017 4121 1139 4184 Verum
