2594 4644
463 122 492 196 Τ
514 121 542 185 Ε
565 120 587 182 S
609 122 638 182 Τ
659 123 673 183 s
693 123 728 182 Μ
748 117 779 184 O
800 122 829 183 tt
849 121 864 182 1
885 119 924 183 A.

153 229 1263 285 mmm-..-

149 332 209 395 sub
228 315 409 393 Theodosro
426 330 526 404 vixit,
558 330 592 391 ia
616 327 844 413 compendium
862 325 926 388 effe
950 323 1116 412 redactum
1132 329 1255 411 Nepo-

147 451 225 500 tem.
284 436 349 499 Sed
376 437 463 501 aliud
485 437 596 502 suadet
619 435 731 522 operis
759 433 977 504 concinnitas,
1017 445 1049 492 et
1074 430 1131 491 illa
1148 450 1245 515 prae·
1289 446 1291 451 ·

147 542 237 609 fandi
256 545 358 618 ratio,
383 564 464 629 quae
484 544 527 608 eil
544 545 578 607 in
597 541 842 629 Epaminondae
859 540 947 614 vita,
977 558 1013 600 ac
1031 538 1066 598 in
1083 535 1238 620 Pelopida

151 650 324 734 inprimis,
354 651 411 714 ubi
434 651 630 713 brevitatem·
645 647 753 730 justam
770 648 956 733 pollicetur.
1000 645 1151 707 Attamen
1170 636 1237 707 s'cn·
1263 712 1267 729 Ι

148 757 251 821 tentia
266 757 359 831 haec,
381 759 459 820 licet
476 754 624 828 erronea,
647 757 753 817 minus
765 754 905 840 periculi
918 752 1045 824 habeat,
1068 749 1237 813 dummodo
1274 766 1279 801 -’

149 880 243 930 extra
261 866 519 929 controversiam
535 877 671 935 mancat,
695 859 869 924 Aemilium
886 861 992 922 omnia
1011 859 1052 920 de
1067 855 1238 941 purissimis

141 973 294 1056 'Nepotis
306 970 451 1034 sontibus
468 970 605 1032 hausisse
620 960 676 1049 l).
728 947 812 1030 sane
829 967 970 1029 Tulliani
990 966 1053 1028 esse
1076 963 1150 1026 aeri
1166 963 1240 1026 scri·
1289 990 1291 1037 ς

90 1122 98 1142 .
139 1059 299 1170 Ῥῑρνθὶω
322 1098 430 1162 neque
444 1077 552 1150 alium,
576 1097 671 1161 quam
687 1080 859 1159 Nepotem,
881 1089 950 1138 tum
964 1061 1087 1167 ueteris
1103 1069 1240 1151 alicujus

147 1209 468 1227 m

183 1276 221 1330 ad
235 1275 334 1330 locum
341 1277 416 1350 Reg.
428 1300 453 1344 1,
468 1299 492 1332 1.
509 1289 760 1336 commemorare,
779 1274 829 1344 qui
843 1282 952 1346 quotve
965 1271 1128 1348 scriptores
1142 1289 1243 1347 regunt

184 1344 404 1400 clarissimorum
422 1345 599 1400 mentionem
617 1342 759 1403 fecerint,
779 1356 941 1412 eorumque
959 1356 1006 1392 res
1024 1344 1114 1418 golla‘e'
1131 1341 1247 1396 inscri-'

182 1414 242 1490 ptis
259 1413 317 1466 suis
333 1414 470 1468 laudibus
488 1413 639 1476 ornarint,
657 1421 687 1464 et
703 1409 831 1464 afferunt
847 1413 934 1466 nobis
952 1411 1157 1477 Herodotum,
1180 1411 1243 1467 Cle.

91 1533 94 1537 ,
186 1482 274 1547 siam,
304 1480 485 1545 Diodorum,
516 1484 657 1551 Trogum.
678 1478 803 1533 Frustra.
829 1476 1005 1533 Nominandi
1055 1480 1133 1536 otius
1144 1486 1246 1533 ¹et'ttttt

184 1549 372 1620 Scriptores,
392 1551 442 1624 qui
460 1549 525 1603 data
551 1562 642 1622 opera
659 1546 695 1601 de
719 1541 857 1620 Regibus
873 1546 1013 1605 omnibus
1031 1502 1112 1608 bello
1126 1546 1247 1622 potissi·

184 1637 270 1675 mum
287 1617 379 1676 claris
397 1618 583 1692 scripserint,
603 1632 636 1668 ae
653 1618 771 1680 nonnisi
793 1615 898 1670 horum
915 1634 962 1670 res
978 1623 1065 1686 gestas
1087 1631 1244 1672 enarrave-

183 1687 255 1742 rint.
284 1689 372 1753 Cujus
391 1689 507 1762 generis
529 1685 594 1741 Scri
620 1696 699 1738 tores
717 1683 820 1740 dubito
845 1702 881 1738 an
897 1685 980 1738 multi
997 1688 1126 1752 suerint,
1143 1680 1246 1756 ¹atque

186 1755 322 1811 Cornelii
338 1756 502 1811 lectoribus
516 1765 576 1808 tarn
594 1704 674 1810 bene
692 1755 771 1808 noti.
791 1753 869 1806 utad
881 1771 982 1809 eorum
998 1757 1114 1828 Scripta
1124 1753 1154 1806 hi
1167 1768 1245 1806 com.

186 1823 273 1879 mode
296 1824 445 1880 arnandari
458 1822 633 1898 potuissent.
659 1820 759 1900 Quid?
780 1821 860 1894 quod
879 1822 1048 1890 Cornelium
1064 1821 1186 1894 prorsus
1203 1819 1246 1874 in·

188 1904 286 1967 eptam
306 1894 444 1959 facimus,
464 1896 488 1948 si
508 1891 543 1944 de
565 1892 685 1964 regibus
703 1907 768 1942 eum
787 1888 855 1947 ideo
876 1907 953 1944 nunc
970 1895 1084 1947 tacuisse
1103 1889 1246 1951 dicamus,

188 1961 270 2035 quod
289 1960 347 2018 ulii
365 1964 523 2034 separatim
544 1959 580 2015 dc
599 1962 643 2014 ‘nis
660 1959 829 2014 narrassent.
849 1961 942 2035 Quam
960 1964 1106 2015 rationem
1122 1958 1147 2012 si
1162 1954 1247 2029 ecqui

187 2031 324 2083 voluisset
338 2030 511 2093 Cornelius,
530 2048 628 2082 nonne
647 2027 682 2082 de
700 2027 930 2099 imperatoribus
945 2047 1063 2104 quoque
1080 2040 1109 2082 et
1124 2027 1191 2080 aliis
1204 2023 1247 2076 vi·

188 2098 249 2166 ris,
267 2094 341 2174 quos
357 2096 451 2151 adhue
468 2098 656 2171 exposuerat,
677 2092 779 2151 eodem
793 2095 881 2152 modo
898 2099 955 2173 ipsi
972 2097 1125 2152 tacendum
1140 2093 1249 2156 suisset,

39 2210 45 2221 .
105 2236 107 2240 Α
188 2185 315 2240 quorum
329 2167 421 2231 vitas,
440 2177 473 2220 nt
488 2166 548 2242 ipss
565 2166 690 2220 aslirmat
708 2164 981 2240 (Epamin.4,6.),
999 2159 1249 2239 compluresscri·

72 2296 77 2307 .
97 2244 104 2257 '
186 2246 289 2308 ptores
306 2247 372 2289 ante
390 2234 481 2308 ipsum
502 2235 600 2288 mtrltis
615 2232 745 2288 millibus
761 2234 962 2310 explicuerant
975 2233 1124 2289 versibus?
1144 2234 1263 2301 Neque*

106 2320 116 2343 ¹
189 2303 226 2356 est
244 2304 400 2359 Cornelius
420 2304 579 2358 verborum
596 2302 670 2357 adeo
687 2319 810 2372 parcus,
829 2305 916 2375 quin,
936 2305 958 2359 si
981 2303 1016 2357 de
1033 2305 1158 2357 aliorum
1177 2317 1195 2354 o
1219 2314 1251 2361 c·¹

188 2372 270 2426 ribus
290 2391 343 2425 nos
364 2372 494 2495 sopitam
513 2373 665 2440 voluisset,
686 2372 716 2427 id
732 2392 793 2427 uno
813 2373 908 2428 verbo
932 2370 1030 2425 addito
1050 2370 1182 2442 significa
1206 2375 1245 2420 et.

188 2442 301 2519 Quibus
320 2441 398 2494 omni
424 2459 456 2495 us
473 2460 532 2494 non
549 2441 604 2494 nisi
630 2443 670 2495 ita
690 2443 806 2495 occurri
825 2441 935 2512 potest,
955 2453 1005 2504 ut,
1023 2440 1101 2512 quod
1121 2440 1177 2505 iam
1196 2435 1249 2490 diu

155 2549 159 2559 .
188 2520 255 2567 ante
274 2528 327 2564 nos
345 2509 457 2564 Vossius
475 2509 646 2576 contendit,
673 2511 842 2564 Cornelium
865 2509 920 2562 hoc
943 2508 1040 2562 dixisse
1062 2525 1177 2562 sumas:
1191 2523 1248 2561 re·

189 2597 281 2652 gum,
301 2579 352 2651 qui
364 2578 484 2654 quidem
500 2597 602 2634 rerum
624 2583 783 2652 gesturum
801 2577 1017 2650 pinguitudine
1032 2575 1248 2637 excelluerint,

188 2651 266 2703 citas
284 2666 302 2701 u
319 2665 350 2703 se
365 2649 530 2722 separatim
546 2666 609 2702 esse
628 2645 760 2718 relatus,
779 2664 810 2700 se
830 2665 866 2701 ue
883 2647 954 2701 bine
968 2666 1008 2703 ex
1024 2665 1126 2701 eorum
1142 2661 1247 2703 nume·

118 2729 121 2733 “
188 2736 222 2771 ro
236 2735 330 2779 nune,
350 2736 418 2772 eum
435 2716 472 2773 cle
489 2715 725 2789 imperatoribus
740 2662 959 2772 excellentibus
974 2721 1158 2786 exponeret,
1180 2716 1247 2774 eos,

185 2787 237 2858 qui
254 2787 432 2858 praesertim
452 2784 569 2855 bellicis
591 2783 750 2840 uirtutibus
768 2783 848 2841 ulios
863 2786 1072 2858 praestiterint
1078 2820 1096 2852 ,.
1114 2781 1184 2839 ideo
1201 2785 1247 2834 at·

139 2866 155 2927 ᾗ
188 2857 308 2929 tingere
330 2852 423 2910 nolle.
445 2854 497 2905 llis
520 2865 587 2926 apta
610 2863 692 2918 sunt,
711 2868 786 2925 quae
803 2865 978 2925 sequuntur:
998 2873 1065 2908 eum
1082 2862 1188 2907 tamen
1201 2867 1246 2903 re·

188 2943 264 2998 gum
278 2921 367 2977 rebus
379 2924 476 2996 gestis
489 2921 657 2978 illustrium
672 2922 798 2976 ornnino
811 2941 871 2993 non
887 2920 1053 2977 admodum
1069 2919 1161 2976 multi
1173 2918 1263 2983 siut,¹

188 3012 220 3050 se
235 2990 371 3065 aliquam
388 2988 497 3047 saltem
515 3010 618 3047 eorum
635 2991 821 3046 mentionem
829 2991 937 3064 furere
949 2990 1034 3047 uelle·
1051 2989 1144 3062 quue
1158 2989 1268 3055 facite,

188 3061 312 3115 multum
322 3061 403 3113 ,enim
421 3059 511 3124 abest,
533 3071 565 3112 ut
580 3060 848 3129 reagestascorum
863 3061 910 3113 vel
925 3059 1089 3116 brevissime
1107 3057 1230 3129 attingat
1236 3071 1246 3120 3

189 3129 267 3201 ipsos
281 3139 383 3183 contra
400 3146 461 3181 non
477 3129 534 3183 nisi
550 3128 714 3183 brevissime
730 3139 831 3194 notat,
851 3138 898 3193 ut,
920 3130 968 3200 qui
985 3127 1148 3182 summatim
1163 3140 1248 3199 repe·

188 3207 273 3264 tunt,
300 3195 380 3271 quod
393 3196 464 3250 alibi
480 3197 617 3272 pluribus
631 3197 833 3270 exposuerant.
853 3196 877 3250 Α
892 3214 922 3250 se
940 3198 1001 3269 ipso
1021 3207 1116 3249 autem
1135 3211 1184 3249 res
1201 3208 1248 3265 ge·

189 3266 358 3337 narragam
374 3266 480 3320 relatas
499 3267 553 3318 esso
570 3275 675 3320 auctor
695 3265 809 3321 disertis
831 3265 931 3320 verbis
950 3284 1009 3320 non
1025 3263 1153 3330 addidit,
1183 3276 1261 3316 cum.

190 3335 317 3390 lectores
329 3334 385 3401 iam
401 3334 537 3397 aliunde,
558 3332 588 3387 id
602 3335 639 3389 ab
656 3333 721 3406 ipso
734 3334 842 3388 factum
856 3334 926 3398 else,
945 3335 1013 3391 satis
1032 3333 1159 3388 scirentr
1180 3346 1247 3384 ron·

191 3414 253 3470 tra,
272 3404 295 3458 si
312 3400 426 3459 abaliis
440 3404 610 3459 auctoribus
627 3399 656 3455 id
673 3403 780 3457 sactum
796 3401 896 3458 dicere
910 3400 1061 3463 voluisset,
1078 3414 1177 3454 nonne
1192 3400 1248 3453 hoe

166 3512 168 3518 .
188 3472 290 3545 potius
302 3481 403 3546 aperte
417 3472 512 3528 suisset
526 3469 757 3532 indicandums“
773 3472 853 3527 llaec
870 3470 1026 3526 Moschius.
1042 3468 1170 3524 Eandem
1186 3476 1250 3522 sett-

182 3540 310 3602 ,tentiam
331 3541 466 3596 Bremins
484 3558 602 3615 quoque
626 3540 688 3607 post
710 3540 881 3596 Lambinnm
910 3539 1106 3624 amplectitur.
1134 3539 1177 3591 Ex
1194 3539 1248 3591 Ns-

161 3632 164 3644 ·
187 3608 373 3682 potiaautem
384 3609 420 3674 dt
442 3611 595 3669 Romanis
613 3609 751 3681 Regibus
763 3609 853 3675 libro,
876 3627 950 3683 quac
961 3607 1038 3663 unfra
1049 3610 1166 3681 Fragm.
1181 3622 1245 3681 cap.
1273 3626 1275 3632 ·

191 3693 236 3737 τος
250 3695 329 3732 num.
346 3679 371 3732 6.
385 3679 576 3746 reseruntur,
597 3679 723 3734 desumta
737 3677 832 3734 videri
852 3680 996 3755 possunt]

172 3771 207 3855 t)
226 3767 405 3844 [Aemilium
423 3772 565 3826 Probum
579 3775 794 3846 Imperatorum
817 3775 919 3836 Vitas,
944 3789 959 3826 a
975 3773 1096 3842 Nepote
1106 3769 1247 3842 scriptas,

190 3859 221 3901 tn
237 3841 332 3895 lucem
348 3842 516 3909 revocasse,
535 3843 625 3896 ita'ut
645 3842 784 3896 nonnulla
805 3859 906 3898 earnm
920 3841 986 3896 locu
1004 3839 1252 3911 interpolaretur

191 3908 383 3983 depravaret,
400 3909 557 3983 Vltroque,
577 3911 631 3964 hac
648 3911 766 3967 ratione
785 3911 999 3974 conformatas,
1018 3905 1179 3962 Theodosio
1195 3905 1249 3960 lm·

213 3976 324 4032 eratori
340 3979 576 4046 obtulisse„cum
593 3980 675 4034 Viris
691 3980 793 4034 Doctis
809 3981 911 4033 statuo.
932 3981 997 4034 Hoc
1012 3976 1090 4030 euim
1107 3985 1135 4028 et
1149 3975 1249 4029 versus

219 4047 311 4105 emilii
329 4047 423 4106 Probi
438 4064 527 4124 supra
542 4047 696 4105 memorati
719 4048 798 4106 clare
821 4047 946 4118 docent,
965 4044 1147 4101 mendicum
1162 4058 1248 4098 maan
1286 4058 1290 4067 ·
