2594 4644
328 107 650 175 tx.=oonon.
691 76 871 174 azontu.
904 94 943 145 θ
1053 85 1141 176 'sa

60 339 240 421 „poenosa
260 305 334 384 'tili
374 325 526 405 cocant),
584 309 662 386 Hoc
692 313 721 386 si
754 306 817 384 tiu·
835 330 951 412 ‘graue
973 327 1041 400 est,
1074 326 1139 410 pet
1241 342 1244 347 ’

59 531 172 590 alludit
187 529 270 589 idem
288 531 376 586 alibi:
619 531 740 591 uoluisti
754 548 857 609 genua
873 532 931 588 titt
948 550 1076 604 ponere,
1095 547 1139 587 oe-

618 605 779 676 nerorique
794 609 840 668 te,
858 610 891 657 ut
909 603 1017 656 Deum.
1037 599 1068 654 Si
1089 598 1139 674 Ju-

96 697 130 713 -
148 668 269 743 Pugnis
286 666 551 735 concisusadorat,
619 676 733 728 stinum
751 689 833 740 te‚7,
854 689 877 725 1.
898 668 1029 723 audimus
1069 668 1139 722 eivi-

101 736 239 816 Quotuor
254 743 288 792 ut
303 736 393 793 liceat
408 756 475 793 cum
489 735 585 793 denti·
619 741 709 795 liores
733 756 816 812 reges
841 738 975 792 solebant
999 702 1139 802 soiutari,

130 807 186 863 bus
200 805 274 863 inde
289 806 406 863 reuerti.
499 828 504 843 ·
618 807 781 868 Barbarion
804 805 895 860 infleti
914 806 984 859 iustu
1003 803 1138 861 adorari.

619 877 720 930 Paullo
740 876 812 948 post.
826 895 855 929 v.
870 877 906 932 t:
924 873 1077 930 dictentur
1093 877 1139 927 to-

57 940 586 1019 Ergoubioumquevocahulumiitud
620 964 690 1002 men
711 951 755 1000 est
786 963 804 997 a
832 941 1054 999 Macedonibus
1075 950 1141 997 mos

58 1013 210 1078 occurrit,
231 1008 266 1064 de
285 1011 385 1066 servili
396 1012 445 1064 ista
460 1011 585 1084 proiice·
620 1012 779 1068 salutandi
795 1014 901 1087 regis,
925 1009 1049 1086 explosa
1069 1007 1140 1067 ado.-

59 1083 145 1135 tiune
165 1098 198 1134 ac
221 1081 297 1150 gestu
317 1077 457 1133 adorandi
477 1080 585 1151 Regem
619 1083 748 1138 ratione.
773 1079 955 1136 Gebhardus.
994 1080 1082 1134 Plura
1105 1077 1140 1131 de

61 1165 148 1222 cape.
182 1149 258 1205 Vide
273 1148 408 1203 Curtium
427 1146 462 1214 3,
482 1165 522 1210 ιι,
543 1165 582 1214 17.
619 1153 675 1204 hoe
691 1152 751 1204 ritu
766 1151 943 1205 Brissonius
961 1145 1026 1204 loce
1048 1165 1083 1201 su
1105 1163 1142 1202 ra

60 1227 92 1271 et
104 1234 145 1280 ιο,
160 1217 188 1279 5,
203 1219 246 1274 33.
274 1217 391 1270 Tacitus
406 1233 431 1269 a.
451 1215 486 1268 Α.
503 1217 583 1277 tat.
620 1214 1075 1280 iaudataDrusiusadmadEst
1099 1234 1139 1271 er.

63 1285 190 1342 Gaeteri
209 1291 385 1342 venerantes
405 1301 508 1358 regem
531 1282 584 1362 ᾼν-
618 1289 645 1352 3,
656 1286 872 1343 mutuitanti
881 1285 996 1341 Mottt.
1008 1303 1035 1352 a,
1046 1303 1071 1339 a.
1086 1292 1141 1340 ete.

15 1373 18 1378 ·
61 1355 184 1408 taxiam
201 1352 375 1409 salutavere.
395 1354 495 1423 Neque
505 1350 584 1404 ahud
617 1356 725 1410 Bonus.
918 1411 920 1416 ¹
1028 1364 1031 1369 ·

62 1422 161 1476 innuit
176 1423 299 1476 tustinus
318 1441 341 1484 1,
365 1437 405 1480 ιο,
424 1437 450 1487 9.
484 1420 585 1473 Tanta
653 1418 853 1493 flocoavoeto]
873 1421 981 1480 Veiido
1000 1423 1142 1476 consensa
1203 1464 1206 1469 1

62 1487 232 1546 moderatio
250 1490 378 1545 caeteris
386 1484 460 1557 fuit,
480 1487 584 1542 audito
618 1492 689 1546 libri
713 1502 913 1563 veteresque
941 1491 1053 1544 excussi
1084 1506 1142 1562 qua

64 1558 210 1631 auspicio,
227 1565 260 1613 ut
275 1555 431 1628 confestim
446 1554 591 1628 equisder
619 1561 721 1632 scripti
749 1563 960 1628 προσκύνησιν.
988 1557 1138 1614 Gebhard.

63 1623 214 1694 silierint,
234 1634 263 1683 et
280 1627 412 1682 Dorium
424 1642 583 1698 regemsa·
620 1629 707 1708 Quid.
722 1629 784 1683 Mff.
803 1638 831 1680 et
848 1629 917 1683 edit.
929 1627 1140 1694 προσκύνησιν,

62 1691 210 1752 lutarint..
229 1695 303 1775 Quia
319 1697 449 1748 Deorum
466 1711 585 1746 venera·
620 1697 717 1770 quod,
729 1695 860 1755 ¹Scitotti
878 1695 1000 1764 judicio,
1017 1694 1142 1768 perinde

60 1764 137 1816 tioni
153 1763 254 1819 similis
269 1763 317 1815 istc
330 1761 405 1815 ritus
420 1772 498 1824 erat,
517 1761 585 1816 ideo
621 1766 667 1818 eit.
703 1764 748 1819 Ad
762 1765 797 1817 τὸ
816 1764 954 1821 uenerari
968 1775 1141 1836 tamenpro-

62 1829 260 1889 Adarationis
274 1829 449 1884 vocabultun
468 1830 495 1882 oi
513 1829 586 1883 indi·
619 1834 686 1906 pius
702 1833 815 1886 accedit
832 1836 963 1887 altorum.
998 1831 1036 1885 At
1056 1831 1141 1885 uosio

61 1910 124 1954 tam
141 1901 196 1965 eli,
225 1911 254 1953 et
278 1897 409 1953 adorare
431 1899 586 1969 usurpatur
610 1912 650 1954 ,οι
667 1901 779 1956 Plinius
793 1903 829 1957 N.
846 1904 882 1954 H.
906 1918 947 1961 11,
965 1901 1007 1965 37.
1058 1907 1141 1957 aten-

59 1986 120 2042 pro
140 1986 268 2043 pronum
286 1965 434 2020 venerari.
462 1965 585 2020 tutinus
620 1970 700 2025 tibus
730 1969 866 2038 (oculis)
893 1965 1048 2025 dormiunt
1064 1965 1141 2042 tepo-

61 2042 90 2099 ⁶,
103 2053 129 2100 a,
153 2038 194 2093 ιδ.
215 2033 587 2109 Cononaregisadspectu
622 2058 688 2106 res,
707 2037 852 2108 multique
869 2037 1045 2109 bominam3
1066 2035 1144 2109 quod
1197 2061 1201 2075 ·

61 2112 92 2163 et
108 2101 432 2178 colloquioproitibitus
447 2111 500 2167 est,
511 2103 589 2177 quod
621 2106 822 2175 κονυβαντιςὶν
838 2106 946 2162 Graeci
961 2102 1074 2162 dicunt.
1099 2106 1143 2159 Ita

61 2182 131 2230 'eum
159 2193 243 2229 more
269 2172 435 2228 Persarum
458 2171 589 2229 adorare
622 2177 699 2229 enim
708 2174 941 2248 legendumputo
952 2173 1140 2229 hunclooum.

61 2238 172 2298 nolletl
207 2241 286 2295 Idem
311 2258 351 2304 ιι,
369 2258 395 2307 7,
413 2259 434 2291 ι.
456 2240 586 2296 Alexan·
620 2244 739 2299 Bosius.
755 2241 1141 2317 LeidprocbynesimVaii.

61 2309 118 2367 der
133 2329 172 2366 ex
188 2308 311 2368 Persico
328 2307 487 2392 superbiae
502 2310 588 2382 regio
622 2307 901 2386 A.'proscisynesin.
921 2311 977 2380 [In
990 2312 1142 2365 Axenflo·

61 2397 148 2435 more
161 2397 222 2433 non
238 2377 382 2444 salutare,
403 2374 590 2432 sedadorari
618 2379 688 2433 ,dice
706 2398 770 2434 oum
788 2381 882 2434 verbo
903 2396 1009 2452 graeco
1026 2377 1142 2450 quodo-

63 2466 96 2503 se
107 2442 211 2519 jubet.
229 2448 266 2499 Et
289 2445 358 2519 quie
378 2445 426 2497 iste
444 2445 588 2498 submiiiio
623 2449 756 2502 mittitur.
783 2450 857 2501 Dan.
883 2446 993 2502 Schott.
1019 2445 1142 2500 cthid.

62 2513 301 2585 nimisoervilis,
322 2512 389 2566 ideo
400 2511 589 2568 adulationis
625 2537 648 2569 1.
668 2515 879 2586 προσκύνησίν.
899 2516 955 2568 Gn.
972 2513 1157 2585 praebitae--

62 2581 413 2666 nomineosoriptofihus
425 2581 521 2634 latinis
530 2591 588 2634 tre·
624 2581 707 2656 sim]
731 2582 806 2640 Vide
829 2595 891 2636 not.
908 2583 979 2656 post.
1004 2593 1033 2637 et
1068 2584 1145 2637 eroi-

64 2648 192 2705 duoitur.
224 2649 412 2716 Liviusostii
425 2649 590 2720 Referrein
610 2655 687 2728 ·pies
709 2653 746 2705 ab
769 2651 981 2724 interpolatore
998 2602 1079 2707 iuiie
1096 2648 1143 2705 ad-

64 2717 590 2794 tautaregepigetsuperbammuta.
625 2732 704 2790 euta3
725 2737 793 2777 nam,
808 2719 831 2772 si
851 2721 925 2774 aNe
948 2729 996 2774 otc
1011 2720 1143 2793 proticis-

64 2787 181 2845 tionem
189 2788 287 2851 uestis,
302 2785 527 2842 etdesideratos
536 2785 591 2840 Iut-
625 2738 1144 2871 centunculpanduoadauctam-nem

63 2858 110 2912 mi
112 2852 282 2929 jacentium
293 2850 590 2920 adulationeaetiam
622 2874 657 2910 eo
674 2856 723 2914 itti
733 2855 968 2930 respicitPcrias,
986 2859 1066 2930 atqui
1075 2860 1143 2910 Pec-

64 2925 278 2997 victisgroves‚
297 2921 407 2979 nedum
418 2924 587 2978 victoribus.
624 2943 672 2981 sae
690 2943 749 2980 noo
768 2924 1046 2998 expreffemnthenc
1059 2937 1143 2993 vene-

65 2994 196 3066 (paiit.)
226 2993 404 3070 Quamquam
420 2991 546 3055 ibidem,
566 2992 590 3045 si
623 2996 768 3049 rationem
817 3010 851 3047 er
869 2993 992 3047 verbum
1017 2999 1146 3062 προσκυ-
1179 3020 1181 3025 ·

64 3071 147 3115 reete
172 3078 206 3115 ex
230 3070 311 3113 tento
335 3071 392 3114 tem
416 3064 476 3115 oris
499 3061 588 3114 inter·
623 3073 700 3128 veto,
720 3062 770 3119 sed
812 3061 903 3116 raeci.
926 3059 1005 3115 Idem
1022 3059 1146 3114 offendit
1171 3058 1176 3077 ¹

65 3128 145 3199 vallo
164 3126 301 3195 memini,
320 3081 465 3185 Mision.
481 3129 589 3182 hahent
624 3132 772 3186 clericum
798 3133 827 3184 in
846 3129 948 3184 Curtio
967 3130 999 3182 1..
1019 3148 1065 3181 ιιι.
1083 3130 1142 3184 od.

66 3194 272 3252 adoratibnes.
307 3196 365 3250 Sed
380 3198 462 3252 nihil
479 3207 587 3252 mutan·
624 3197 647 3266 §.
658 3197 1143 3287 rdfflorypboricocobanturpro·

64 3262 146 3320 dum.
164 3254 302 3320 Voierius
318 3267 394 3319 Max.
410 3274 437 3334 a,
451 3286 478 3336 7.
494 3277 586 3321 extu
623 3268 742 3323 mimum
769 3273 818 3327 hes
841 3282 969 3341 agmen,
995 3264 1032 3318 de
1046 3266 1143 3319 Persis

65 3331 517 3407 DariimaterHepbaestionem
527 3353 588 3390 mo·
624 3347 736 3409 agente.
765 3334 1001 3457 snakenburstiuo
1013 3333 1144 3388 Curtium

64 3420 100 3458 re
117 3400 283 3458 Persarum
294 3402 432 3467 adulata,
442 3410 589 3472 tanquam
623 3403 780 3462 defendere
789 3413 934 3460 conatast
959 3443 966 3456 .
982 3399 1062 3455 Idem
1071 3401 1143 3456 Gur-

65 3466 278 3527 Alexandrum
299 3469 452 3528 salutauit.
476 3472 541 3526 Lib.
561 3475 588 3539 6,
623 3473 680 3526 tius
694 3472 714 3527 1.
729 3474 750 3528 1.
776 3494 800 3528 c.
823 3475 862 3529 ιδ.
890 3469 912 3537 §.
930 3488 957 3538 7.
985 3469 1143 3524 distinctius

62 3540 92 3597 ὃ.
110 3548 203 3594 am.
223 3538 424 3598 Athenienses
445 3541 590 3614 Timago-
624 3540 773 3613 loquitur:
795 3536 961 3615 Gaugabas
975 3536 1088 3594 Persae
1097 3557 1143 3593 oo·

64 3624 153 3677 ram,
176 3609 265 3664 inter‘
278 3607 415 3678 officium
430 3608 591 3666 salutatio·
626 3615 697 3664 cant
712 3611 847 3668 humeris
869 3626 961 3664 onero
976 3613 1139 3680 portantes.

65 3675 119 3730 ru's
133 3676 265 3732 Dorium
280 3694 383 3751 regem
398 3681 592 3748 moregenu's
624 3679 705 3732 locus
720 3680 789 3734 libri
806 3696 865 3732 vu.
886 3692 950 3746 cop.
967 3681 994 3736 3.
1021 3675 1043 3746 t.
1067 3695 1090 3731 1.
1109 3676 1143 3731 in

63 3742 152 3801 illias
171 3743 356 3811 adulatum,
382 3749 508 3821 capitali
525 3766 590 3823 sup·
625 3747 811 3823 Agriaspas,
829 3747 981 3823 quaejam
1000 3751 1141 3800 tuncmu-

62 3811 159 3897 piicio
169 3809 339 3886 affecerunt.
360 3815 486 3875 Videtur
494 3822 590 3871 tamen
617 3822 688 3870 tato
714 3816 837 3888 nomine
854 3814 1017 3890 Euergetas
1041 3812 1141 3888 appel·
1247 3879 1249 3884 ,

66 3881 117 3936 oste
134 3881 287 3937 veneratio
305 3883 392 3936 etiem
405 3884 483 3940 intro
500 3902 588 3959 genu·
620 3874 748 3951 'labant,
767 3885 892 3939 incurrit
907 3900 1024 3966 quoque
1039 3883 1071 3935 in
1079 3884 1141 3938 Cle·

64 3966 117 4003 um
152 3950 252 4003 saitem
285 3949 457 4021 politionem
478 3953 589 4008 uenae.
623 3952 679 4006 rici
695 3953 807 4008 oculos.
840 3951 898 4008 Sed
925 3955 1049 4018 insur1a3
1075 3966 1142 4002 nam
1246 3986 1252 4007 ι

66 4016 187 4075 coruus
195 4019 223 4077 8.
231 4036 257 4090 7,
275 4021 315 4079 13·
340 4018 384 4076 Tu
399 4020 590 4080 Macedonas
624 4019 718 4077 eunii
733 4022 828 4080 ,verba
843 4020 988 4086 indicant,
1012 4018 1151 4079 Graecos,
