2594 4644
160 272 220 377 „e
402 292 667 359 sonuum
714 275 990 353 unr=0r1s

155 409 1239 445 ...Μ-,Μμ

74 516 77 521 ·
150 488 302 552 servandi
332 488 450 571 gretia,
493 509 534 549 ne
564 490 636 573 quis
659 488 891 573 impediretur,
947 508 1013 570 (luo
1041 487 1149 547 minus
1171 484 1247 567 ejus

110 599 275 682 ,rebus,
318 595 435 680 quibus
457 596 596 678 quisque
623 597 740 671 vellet,
782 593 961 656 frueretur.
1006 594 1145 676 Semper
1167 614 1243 654 eum

150 701 326 790 pedisequi
360 723 432 765 eum
467 703 605 763 nummis
635 717 709 765 sunt
739 704 860 781 secuti,
903 717 956 776 ut,
1002 703 1029 763 si
1059 699 1132 784 quis
1166 700 1241 783 opis

138 812 221 894 'ejus
251 811 431 894 indigeret,
471 805 626 882 haberet,
670 807 758 894 quad
784 810 891 886 stetim
921 809 1028 882 daret,
1054 830 1124 895 ne
1143 805 1241 871 diffe-

151 918 256 982 renslo
283 919 453 980 rideretur
481 936 612 999 negare.
678 918 802 998 Saepe,
846 938 945 1001 quum
972 915 1114 1002 aliquem
1136 915 1241 980 offen·
1284 939 1286 942 ’

152 1005 224 1090 sum
252 1025 384 1087 fortuna
411 1024 542 1087 videret
570 1023 676 1085 minus
698 1025 793 1092 ,bene
822 1025 995 1099 vestitum,
1040 1045 1133 1084 suum
1160 1025 1264 1087 amb*

122 1241 125 1246 “
150 1235 217 1293 Uno
239 1234 309 1288 item
331 1233 468 1290 Caesaris
482 1230 623 1289 nauis.
649 1250 673 1300 1,
707 1239 773 1303 pots
787 1236 846 1289 τῶν
855 1231 996 1302 πενήτων)
1014 1235 1179 1291 nummulos
1222 1230 1239 1290 e

150 1322 195 1361 2⁰.
213 1321 272 1377 quo
289 1320 319 1356 se
333 1302 470 1360 custodes
486 1303 675 1375 Dumnorigi
709 1305 828 1359 silentio
854 1298 1155 1368 inmanusinieoille.
1200 1305 1240 1360 ύο

150 1375 287 1444 posuisse
301 1372 414 1437 scribit,
433 1379 481 1440 ut,
502 1379 674 1446 quaeagot,
708 1368 987 1441 depessusovionos,
1006 1373 1047 1426 uit
1071 1372 1239 1448 Theopom-

150 1442 326 1514 'quibuseum
342 1439 496 1513 loquatur,
518 1441 595 1497 scire
630 1458 674 1496 os·
706 1450 774 1515 pus.
784 1443 849 1495 Non
860 1440 1013 1496 admodum
1029 1440 1170 1497 dissimile
1184 1444 1238 1508 est,

44 1558 47 1563 .
151 1518 206 1565 set.
242 1513 301 1565 Pro
322 1510 437 1594 vulgata
456 1511 583 1564 lectione
604 1460 675 1562 iiiii
709 1510 999 1582 quoddeL.Veratio
1013 1521 1114 1565 narrat
1125 1509 1240 1578 Gellius

151 1568 225 1633 illud
251 1579 402 1634 Ciceronis
432 1577 519 1634 Orat.
543 1597 598 1651 pro
621 1580 672 1632 Cn.
706 1582 748 1637 N.
764 1581 799 1636 A.
821 1598 866 1647 20,
886 1597 908 1631 1.
923 1580 1043 1637 Rosius.
1193 1644 1196 1649 ,

152 1645 301 1711 Plancio,
321 1663 385 1719 cap.
400 1648 441 1703 25.
451 1649 565 1721 pariter
574 1665 592 1702 a
604 1646 675 1702 Geb·
1280 1677 1284 1682 ·

152 1712 252 1773 nardo
266 1713 438 1768 adductum:
466 1715 524 1771 Sin
538 1716 676 1781 emimus,
747 1718 792 1773 Ne
804 1710 990 1790 differendo)
1009 1719 1047 1772 V.
1062 1713 1128 1772 Iud.
1142 1712 1236 1790 milif-

151 1801 238 1856 quem
272 1781 407 1838 uillicum
441 1786 675 1857 imponeremus,
704 1783 799 1859 ferre·
818 1785 982 1839 Ausonius:
1225 1790 1228 1798 '

152 1871 239 1979 quem
253 1851 355 1925 pecori
368 1853 611 1926 praeficeremus.
625 1854 677 1907 Vi·
749 1855 953 1924 Gratimquae
962 1851 1053 1908 tarda
1062 1859 1116 1918 est,
1129 1853 1237 1928 ingra-

163 1932 240 1996 ¹etur
261 1938 297 1974 ue
316 1921 416 1992 Nepos
434 1923 592 1995 exprel'fillo
611 1938 677 1976 ver·
781 1930 814 1978 ta
831 1929 875 1977 est
890 1924 1016 1994 gratia,
1032 1939 1165 1996 nausqpe

150 1993 191 2049 ba
215 1940 414 2064 Tieopompi:
443 1990 471 2044 ἐν
488 1998 549 2045 eois
569 1990 679 2062 ἀγροῖς
819 1989 991 2063 Quaefieri
1006 1999 1153 2064 properat
1207 2007 1237 2045 a·

152 2052 207 2117 uui
225 2073 287 2116 eois
301 2058 418 2125 κήποις,
429 2058 515 2117 idion
530 2065 565 2113 es
580 2062 680 2125 napus
851 2060 913 2125 lia,
927 2065 1022 2132 grata
1038 2060 1152 2133 magis.
1193 2078 1237 2116 os.

137 2132 266 2193 „saissa
285 2127 421 2200 φύλακα.
447 2129 568 2184 Rosius.
594 2125 676 2183 Leid.
706 2188 709 2193 ,
845 2153 846 2156 ¹
1134 2134 1141 2143 '

150 2218 191 2253 m.
213 2201 257 2255 eis
272 2194 409 2254 custodes
421 2195 605 2270 inposuerit,
622 2206 678 2268 pro
752 2195 851 2271 Quum
871 2195 1003 2269 aliquem
1016 2192 1166 2270 offensum
1171 2197 1238 2269 for·

150 2270 185 2323 in
198 2268 241 2323 eis
254 2265 399 2341 posuerit.
424 2267 554 2322 Verbum
568 2281 680 2338 ponere
710 2265 876 2326 ‘tunauidl
897 2265 1068 2322 Lambinus
1080 2267 1237 2351 boo‘expo-
1266 2328 1270 2334 ,

150 2337 182 2390 iu
201 2338 254 2390 hae
275 2353 307 2389 re
324 2336 482 2407 proprium
500 2335 554 2387 effe
572 2336 679 2388 docent
713 2335 780 2401 nit,
808 2336 856 2389 eui
871 2334 1002 2406 fortuna
1018 2341 1094 2391 esset
1113 2336 1234 2408 iniqua,

150 2405 324 2459 Palleratius
350 2401 386 2454 ad
409 2405 546 2476 Propert.
571 2404 625 2479 lib.
651 2424 677 2458 2·
711 2402 814 2470 irata,
836 2398 1237 2479 atqueoffensa.Quodeum

57 2520 60 2527 .
150 2472 197 2526 El.
212 2475 238 2528 5.
260 2491 302 2527 vs.
321 2488 364 2542 29.
380 2481 410 2525 et
423 2474 555 2526 Broukh.
575 2472 611 2526 ad
628 2472 676 2527 Ti·
712 2470 783 2524 mihi
794 2471 919 2528 insolens
934 2472 1107 2543 videretur,
1122 2470 1237 2525 nerdu-

149 2539 264 2596 bullum
282 2540 336 2597 lib,
354 2548 376 2591 ι’.
391 2541 435 2595 ΕΙ.
452 2560 476 2596 ι.
491 2561 535 2595 vs.
554 2560 597 2596 21.
712 2539 838 2595 bitarem
855 2536 1001 2623 offensum
1016 2539 1063 2592 hic
1079 2539 1156 2593 idem
1172 2539 1235 2605 effe,

166 2650 383 2749 mm,
400 2675 490 2734 ,a
624 2697 677 2752 Ρ..
713 2607 1268 2757 iussissetis?‘istium„

219 2759 307 2802 uetur
322 2751 356 2803 in
373 2745 487 2810 hortis,
712 2758 935 2813 meamsentent.
952 2746 1161 2818 indubiamq'ue
1172 2745 1237 2799 fore

187 2846 193 2857 »
240 2818 366 2873 Terreat
382 2823 415 2868 ut
424 2833 513 2871 saeua
514 2815 677 2888 fdicePri·
711 2813 804 2880 dixit,
826 2815 849 2869 si
872 2816 903 2867 in
924 2817 1024 2888 aliquo
1042 2812 1145 2868 codiee
1155 2812 1239 2885 forte

288 2903 365 2958 apus
382 2901 461 2940 aues.
705 2883 835 2955 fortuna
855 2884 1020 2956 legeretur,
1031 2881 1120 2955 ¹quod
1136 2892 1166 2936 et
1187 2882 1236 2935 ab·

401 2979 404 2983 ·
542 2987 544 2990 ,
645 2965 648 2970 ·
712 2951 829 3006 sorberi
854 2952 941 3006 facile
990 2952 1100 3005 otuerit
1130 2967 1146 3004 u
1174 2966 1235 3023 seq.

151 3021 232 3085 Nihil
245 3031 341 3073 tamen
354 3030 452 3086 muto,
469 3039 534 3074 oum
547 3022 625 3074 Voss.
638 3019 674 3074 Α.
711 3019 869 3074 vocabulo.
889 2970 1062 3091 Boecierus.
1085 3019 1238 3088 [Fortuna

151 3088 190 3149 Β.
202 3092 236 3144 G.
254 3088 347 3149 [Gu.]
361 3090 396 3142 in
405 3090 449 3143 eis
458 3088 611 3144 custodem
620 3092 676 3144 im·
712 3083 844 3159 offensus
853 3090 900 3155 est,
908 3090 977 3145 casii
986 3089 1103 3156 obvius,
1112 3088 1239 3145 fortuitu

151 3159 287 3232 posuerit
304 3156 470 3211 exhibeant.
490 3176 518 3213 v.
539 3158 621 3212 Cort.
641 3156 677 3210 ed
711 3158 844 3225 oblatus,
864 3159 1065 3222 noeoedlluv,
1083 3167 1115 3210 ut
1129 3156 1237 3209 Graeci

96 3286 103 3297 ⁸
152 3226 266 3284 Sallust.
283 3226 317 3277 Β.
336 3225 401 3296 Jug.
420 3244 478 3278 uxr.
498 3245 522 3280 1.
539 3227 616 3284 [Ult.
633 3228 677 3281 eis
712 3244 813 3298 saepe.
835 3226 897 3282 Cic.
921 3229 1006 3281 Offic.
1025 3243 1050 3289 o,
1070 3226 1111 3280 13.
1135 3221 1237 3296 aliquo
1258 3255 1262 3259 -

152 3302 227 3353 eust.
249 3294 436 3366 imposuerit,
455 3295 510 3348 fine
527 3296 576 3360 in,
597 3293 677 3368 quod
713 3309 786 3353 cusu
801 3302 891 3367 atque
899 3295 1040 3366 fortuna.
1055 3291 1136 3346 beel.
1152 3308 1179 3361 o.
1196 3308 1236 3359 ¹7·

150 3366 239 3420 etiam
252 3363 408 3427 Lambinus
425 3361 548 3429 omilin]
637 3380 640 3385 ·
712 3366 739 3421 si
765 3382 823 3437 qua
839 3363 969 3435 fortuna
995 3360 1151 3417 occiderit.
1173 3360 1238 3413 Non

189 3432 306 3510 Quibus
325 3432 447 3502 quisque
466 3432 568 3491 uellet]
588 3429 675 3484 Resti·
713 3447 792 3497 erat,
813 3431 893 3506 quod
916 3431 1136 3487 Freinshemius
1154 3425 1240 3498 farte

152 3508 194 3559 tui
215 3503 249 3557 τὸ
277 3501 342 3575 puis
363 3519 399 3555 ue
418 3503 592 3554 auctoritate
613 3501 676 3554 mur
705 3501 1023 3575 fortunaoonjieeret,
1043 3496 1123 3624 quod
1138 3496 1237 3567 deop-

151 3571 336 3634 Dan.[Gu.]
376 3568 433 3622 eid.
448 3571 548 3623 Baeel.
566 3579 677 3640 etquos
712 3573 780 3627 tutis
807 3567 906 3642 potius
936 3589 1021 3643 quam
1067 3565 1238 3621 efortuitis

155 3641 300 3698 Sehottus
315 3639 452 3712 inspexit,
470 3638 512 3690 nil
525 3639 677 3691 suimoau·
713 3636 821 3694 nisibus
837 3634 1004 3710 quibusque
1021 3637 1140 3693 dieitur.
1159 3636 1239 3688 Haeo

149 3710 373 3774 saevideo,.eur
385 3706 470 3775 rejici
479 3705 594 3760 debeat.
603 3706 680 3763 Bos,
714 3711 941 3781 Heusingerus,
961 3707 1246 3775 auius-interpretat·

149 3782 194 3838 lta
209 3775 332 3832 etheid.
348 3793 386 3831 m.
404 3785 432 3828 et
446 3776 525 3831 Vols.
540 3775 575 3829 Α.
590 3777 624 3832 Β.
642 3777 675 3832 C.
713 3779 825 3832 tionem
846 3793 900 3830 nos
923 3793 1041 3851 quoque
1064 3773 1237 3848 probemus.

119 3854 121 3859 '
152 3847 224 3910 [sed
239 3847 295 3903 Ult.
317 3846 439 3918 quisque
453 3844 560 3906 uben]
619 3862 624 3866 ·
712 3845 819 3918 Negas-i
845 3855 942 3901 tumen
964 3862 1026 3898 non
1048 3842 1170 3917 potest,
1188 3837 1238 3892 du.

188 3915 316 3986 Semper
331 3932 399 3970 eum
414 3911 569 3988 pedisequi
575 3917 585 3972 l
607 3910 679 3967 Plu·
712 3915 774 3970 rius
786 3915 859 3966 haee
873 3931 889 3966 a
905 3913 1047 3968 Cornelio
1062 3922 1150 3982 etque
1165 3907 1238 3960 insa.

134 4002 137 4008 *
154 3986 280 4043 torcbus
294 3982 338 4053 ps
349 3983 410 4050 484.
426 3991 514 4036 rocus
529 3984 678 4036 νεανίσκω
713 3981 899 4045 lenterdiets
915 3976 1001 4050 else]
1021 3983 1080 4034 Pro
1093 3976 1237 4062 aliquem,

154 4055 300 4125 emititur,
312 4051 678 4124 aitque‚eostuliffepean-
713 4053 737 4105 si
755 4051 872 4104 codices
887 4050 1077 4116 addicerent,
1094 4047 1151 4120 legi
1168 4063 1238 4117 pos-

154 4120 401 4191 nismeopiosam,
418 4118 678 4190 adstitiliequeele.
713 4130 758 4174 set
770 4138 889 4186 senem,
917 4120 966 4173 vsl
980 4134 1070 4191 quum
1086 4134 1189 4172 senem
1205 4128 1238 4166 a.

156 4190 341 4266 gratioribus
356 4188 486 4264 inopum
507 4187 592 4255 (eote
607 4202 675 4253 uou-
712 4186 824 4262 liquem
838 4187 980 4262 fortuna.
1009 4184 1086 4244 Vide
1106 4185 1183 4240 Plut.
1207 4181 1239 4239 in
