2594 4644
288 290 314 351 1.
353 266 722 352 uinrmuus.
780 292 945 358 cin-r.
1116 290 1158 367 ns

80 506 171 554 sunt:
212 511 295 576 quae
316 512 427 551 manus
448 487 588 549 mirabili
608 486 763 570 flagrabat
784 488 947 572 pugnandi
969 489 1156 574 eupiditate.

88 596 156 697 Quo
180 602 301 664 laetum
330 611 381 659 est
398 575 417 672 ,Ι
457 611 492 657 ut
519 596 618 679 plus,
663 617 757 678 quam
785 595 953 677 collegae,
995 596 1200 658 Miltiadesa

92 711 223 777 valuerit,
257 702 355 790 'Ejus
377 703 567 765 auctoritate
597 702 727 785 impulsi
749 701 966 762 Athenienses
989 701 1098 783 copias
1120 721 1161 773 ex

10 846 20 901 s
96 816 157 877 urbe
177 815 375 887 eduxerunt,
404 812 542 894 locoque
564 810 684 871 idoneo
705 820 809 869 eastra
829 807 988 879 fecerunt.
1030 806 1198 881 Deinde3

10 960 41 1007 η
99 920 201 1005 pollere
231 921 287 983 die
316 919 375 981 sub
399 917 523 979 montis
552 917 715 977 radicibus
740 958 748 990 ‚
799 915 915 1000 acie-e
944 914 1080 996 regione
1109 914 1158 973 in·

10 1068 45 1113 m,
99 1040 226 1102 structa,
269 1048 354 1090 nova
382 1040 476 1098 arte,
520 1023 552 1087 vi
582 1044 702 1091 summa
729 1023 887 1106 praelium
916 1022 1157 1084 commiserunt.

13 1233 38 1286 ol
122 1231 224 1307 (plb.)
241 1233 372 1289 Mirabile·
378 1232 460 1299 stagr.
470 1247 549 1300 pugn.
559 1249 600 1283 eu·
635 1228 853 1284 multitudinem
875 1228 954 1285 ecies
976 1229 1055 1281 inter
1070 1228 1157 1283 arbo·
1197 1246 1200 1253 ·

90 1300 199 1425 giddaba]
216 1306 262 1357 De
279 1301 430 1356 alacritate
443 1300 599 1354 Athenien·
634 1310 846 1363 rumtraotus,
879 1300 910 1351 in
925 1298 1032 1351 montis
1050 1296 1156 1350 radici-

107 1389 144 1425 un
165 1370 253 1425 etiam
276 1374 423 1427 Isocrates
441 1369 471 1421 in
489 1372 597 1442 Paneg.
634 1368 690 1422 bus
705 1369 855 1421 instructa:
883 1371 940 1419 vim
955 1384 1029 1420 vero
1039 1382 1158 1419 summam

10 1434 18 1483 ῖ-
90 1440 245 1495 retulinus
269 1459 305 1506 a,
330 1457 365 1506 9,
400 1457 441 1491 11.
473 1452 614 1509 quorum·
634 1437 814 1490 alacritatem
829 1435 978 1509 pugnandi
997 1433 1156 1489 incredibi-

89 1506 130 1563 ille
148 1516 233 1578 tmqu.
259 1511 353 1575 ,alienis
378 1508 520 1570 animabus,
551 1524 599 1558 nen
633 1504 706 1569 lem,
735 1516 763 1558 et
777 1503 914 1558 vincendi
928 1504 1080 1566 fiduciam,
1104 1504 1155 1576 qui

81 1575 596 1649 suis,periclitntmmproeurrill'eeos5
633 1591 650 1626 a
666 1568 840 1629 suis-‘castris
857 1585 925 1628 octo
942 1573 1006 1626 fere
1019 1570 1106 1625 stadia
1125 1571 1156 1626 in

50 1664 56 1685 ¹
86 1642 141 1713 bie,
159 1664 214 1700 curn
235 1649 308 1699 mille
318 1643 399 1722 paffiu
410 1648 477 1696 inter
497 1642 556 1695 duas
571 1662 599 1695 a·
632 1640 1155 1714 barbarosproourrerent.Appolite

86 1710 221 1785 desident,
246 1718 327 1767 ritate
341 1713 597 1776 cursuuutejuctum
631 1711 773 1783 Vegetius
788 1711 843 1766 Lib
862 1730 886 1764 1.
907 1731 972 1783 cap.
992 1731 1015 1764 1.
1053 1713 1089 1764 In
1105 1730 1155 1762 orn-

79 1781 237 1851 sflgt'ltarm
250 1783 283 1836 ad
310 1783 399 1850 hostem
424 1778 517 1852 veniffe
544 1782 594 1834 ait.
632 1783 661 1832 ni
674 1782 768 1849 praelio
782 1800 830 1833 nou
844 1791 896 1832 tum
911 1779 1045 1834 multitudo
1064 1784 1155 1833 etvir-

86 1840 164 1915 Μὶν.
631 1856 670 1901 tus
685 1849 798 1913 indocta,
816 1866 888 1917 quum
902 1869 941 1902 ars
961 1859 985 1900 et
1006 1851 1155 1901 exercitium

112 1918 240 1984 Valent]
278 1918 351 1981 God.
388 1921 463 1972 Dan.
487 1919 596 1982 valeret,
626 1918 990 1986 solentpruesturevictorium.
1001 1915 1151 1971 Gebhard.

83 1996 106 2038 et
116 2006 192 2043 mox:
213 1992 266 2054 ejus
275 2007 333 2055 ergo
347 1991 507 2052 auctoritate,
524 2005 595 2058 quo·
629 1985 786 2040 Lambinus
801 1989 969 2058 transponit
983 1987 1039 2038 hoe
1046 1995 1151 2056 paeto:

69 2055 156 2111 uodo
163 2067 192 2111 et
201 2056 337 2111 Gitanius
344 2057 472 2129 legebat.
484 2058 593 2111 Belius.
630 2055 728 2107 Deinde
737 2057 833 2123 postero
854 2057 893 2107 die
922 2058 963 2108 sub
975 2065 1067 2109 montis
1087 2056 1155 2106 rudi·

81 2122 144 2180 cod.
167 2125 251 2179 Leid.
281 2144 339 2198 pro
369 2127 483 2180 valuerit
509 2126 596 2180 hahet
630 2127 698 2176 cibus
712 2129 796 2177 urire
819 2125 918 2190 regione
938 2125 1072 2190 instructa,
1109 2123 1153 2174 bor
1188 2144 1191 2150 ¹

77 2195 181 2261 valerem
199 2211 256 2247 nec
269 2198 336 2247 enim
349 2210 404 2246 neo
422 2213 478 2261 ergo
493 2194 592 2268 legun·
629 2192 745 2259 co'rfilio,
765 2203 793 2246 ut
809 2204 833 2245 et
848 2202 927 2244 mont.
942 2203 992 2260 teg.
1007 2192 1111 2247 altitud.
1130 2201 1155 2243 et
1183 2203 1186 2210 '

76 2262 164 2317 urin
182 2260 267 2316 Leid.
308 2263 363 2315 Hic
389 2264 594 2317 eumHeufin-
629 2265 741 2315 arborum
756 2271 839 2315 tractu
851 2259 965 2329 (nutuque
978 2265 1073 2316 arbores
1088 2261 1153 2313 mul-

72 2343 139 2401 gere
154 2329 230 2397 ejeci
247 2330 283 2383 τὸ
301 2331 389 2384 enlm.
427 2330 544 2399 [Abest
565 2348 592 2383 e·
628 2335 662 2383 tis
679 2333 740 2383 locis
753 2340 824 2383 eruut
839 2332 929 2398 rurae)
947 2334 1022 2399 equit.
1035 2330 1093 2397 bell.
1105 2331 1152 2381 im-

58 2398 139 2452 'tiam
155 2416 173 2452 a
187 2400 243 2453 Gu.
265 2397 323 2454 Sed
343 2400 415 2454 Ultr.
430 2396 592 2466 Ejusrrgo.]
626 2401 681 2468 ped.
709 2418 738 2452 ne
761 2403 835 2453 mult.
861 2400 1049 2453 clauderentur:
1085 2415 1154 2450 nova

96 2466 195 2521 Deinde
209 2463 323 2538 pestere]
360 2466 434 2522 Cod.
455 2472 492 2522 P.
516 2473 591 2523 Dan.
628 2478 697 2534 erte,
722 2470 754 2519 vi
768 2470 836 2531 sum.
860 2469 940 2535 prael.
967 2469 1151 2532 commiserunt.

64 2532 118 2589 dein
125 2538 229 2607 postero.
244 2536 324 2591 Voss'.
334 2537 369 2590 B.
381 2538 493 2603 Postero.
503 2536 591 2605 [Cod.
613 2556 614 2559 ¹
629 2537 660 2590 Si
675 2538 809 2607 vulgatus
827 2537 902 2591 ordo
913 2548 1092 2599 servaretur,
1102 2533 1151 2588 du-

61 2604 156 2659 Axen.
174 2603 271 2657 Deinde
284 2603 380 2672 postera
398 2610 524 2669 submotis,
533 2623 593 2658 non
627 2605 788 2660 riuseulum
803 2606 869 2659 foro
884 2607 1063 2659 existimavit.
1086 2605 1152 2656 Onu

59 2675 129 2727 derbi.
151 2671 232 2726 Idem
249 2672 506 2745 eodexpauloarlo
521 2684 594 2726 extra
628 2673 698 2727 nino
723 2684 819 2736 autem
841 2677 1002 2727 Puteanum
1031 2689 1151 2745 sequor,

56 2744 163 2806 urben»,
195 2740 358 2804 virbone,
385 2753 509 2800 attamen
532 2760 592 2795 non
626 2742 752 2795 eundem
767 2760 900 2805 sensum,
922 2739 1149 2812 finetransposi-

10 2860 16 2871 ,,
58 2809 185 2864 omnino
202 2808 562 2882 negligendum..Moscbe.
626 2810 727 2875 tione,
747 2821 961 2880 agnoscentem.
988 2808 1151 2890 Quidenim
1236 2850 1239 2854 .

93 2880 192 2933 Aciee
215 2896 267 2944 reg.
289 2877 430 2947 instructa]
462 2882 590 2959 Quomo-
627 2876 731 2930 durum
748 2878 841 2933 illud?
884 2883 988 2932 Arbores
1010 2888 1081 2931 ernau
1106 2879 1150 2930 boe

55 2944 360 3012 doinstructafuerit,
379 2960 481 3003 narrat
496 2949 589 3001 llero-
625 2950 743 3013 cornilio,
779 2958 808 3002 nt
830 2950 878 3015 leg.
915 2947 961 3001 Ad
984 2945 1150 3002 evitandam

54 3014 125 3069 dot.
144 3014 212 3069 Lib.
229 3017 255 3071 6.
276 3018 395 3070 Lurnbin.
624 3017 843 3089 repetitionem,
855 3016 1149 3090 cumpraeclarepri·

90 3086 177 3155 Noua
192 3094 261 3150 arte,
278 3084 434 3157 visumma]
454 3082 584 3140 Schedae
622 3101 671 3136 mo
700 3084 818 3158 quidem
848 3086 1008 3157 generatim
1032 3100 1148 3159 pugnae

52 3152 192 3219 Gisanii,
212 3154 475 3223 nouupurtissumma.
496 3152 583 3207 Sava·
619 3151 704 3220 luijus
731 3155 914 3221 adjumenta,
951 3173 1043 3206 nevum
1068 3161 1146 3204 artem

49 3221 142 3275 renis
166 3232 195 3284 et
216 3221 329 3277 schotti
359 3221 431 3276 libri
459 3220 583 3293 antiqui,
620 3219 711 3283 (nov.
727 3224 882 3277 consilium
899 3223 971 3277 alibi
987 3219 1144 3284 vocantiu-

50 3290 376 3359 ingnrtemontissummn,
392 3307 481 3364 quam
492 3290 584 3361 scrip·
620 3291 721 3359 gulare
737 3293 876 3346 nimirum
893 3304 921 3346 et
938 3301 1083 3346 arenata
1099 3306 1144 3344 ee·
1162 3319 1164 3324 .

50 3366 155 3411 turam
170 3368 201 3410 et
214 3358 350 3425 schottus
358 3359 467 3431 probat
475 3377 484 3424 5
503 3357 585 3429 quod
619 3360 723 3411 leniter
732 3364 898 3433 repertum)
917 3372 940 3412 rt
953 3362 1011 3411 vim
1024 3377 1144 3410 surnmum

54 3422 97 3479 ad
119 3426 229 3481 montis
249 3427 354 3498 pedem
374 3425 474 3499 instrui
506 3426 583 3479 acies
618 3447 651 3481 ae
668 3428 872 3485 fortitudinem
889 3430 1013 3483 militum
1028 3427 1143 3499 posuis·

50 3494 172 3568 potuit,
210 3513 308 3568 pugna
327 3498 402 3551 'vero
425 3493 583 3549 admontis
618 3508 679 3561 set,
706 3496 812 3551 deinde
830 3497 1143 3553 urtemsiveeonsilium

51 3562 201 3617 verticem
215 3565 374 3630 committi,
393 3573 533 3637 urgente,
551 3575 583 3617 ut
618 3567 746 3629 (nomen
761 3567 938 3620 iterarenon
948 3566 1142 3631 eratnecelle)

51 3629 102 3697 fit,
122 3631 217 3686 hostili
233 3633 305 3687 acie.
343 3632 402 3689 Sed
414 3634 487 3685 haee
504 3631 581 3685 siex-
618 3635 648 3687 in
673 3634 836 3689 instruenda
862 3637 925 3690 aeie
949 3635 1076 3705 locoque
1102 3632 1157 3686 le-'

51 3700 213 3755 amittanda
229 3699 329 3756 forent
345 3717 359 3765 ,⁴
384 3716 517 3775 magnam
531 3701 581 3753 lin·
618 3702 713 3776 gendo
736 3705 872 3775 exponit:
899 3702 1142 3776 quemadmodum

53 3768 124 3841 gula
151 3768 274 3823 Sebotto
307 3766 508 3825 difficultatem
538 3787 582 3822 re.
618 3777 741 3825 virtutem
757 3773 880 3823 militum
904 3775 1020 3829 num.5.
1041 3767 1142 3825 itidem

52 3834 583 3961 pendendiaffonenummipersua.
619 3850 751 3895 seorsum
775 3840 906 3897 ostendit.
944 3841 1049 3893 Arbores
1071 3851 1143 3897 erunt

71 3905 487 3970 eoaltiusdeliteseereulcus,
517 3923 584 3960 uam
619 3909 790 3972 boceorfiliot
817 3927 877 3965 non
901 3925 969 3963 sane
988 3909 1141 3965 erantboo

53 3984 85 4028 ut
108 3992 144 4029 ex
170 3974 288 4048 ingenio
314 3977 376 4031 sine
400 3974 493 4030 Codd.
543 3995 580 4030 ss.
619 3977 1140 4050 eonsili03sedquiaeram‚c0nsilio
1172 3984 1197 4049 J

53 4043 294 4117 opetollipoffit.
322 4044 445 4099 Interim
455 4060 521 4096 novo
531 4054 583 4097 arte
618 4046 719 4099 solerti
741 4046 813 4098 uriel
831 4045 1138 4114 aeeommorlabantur3
1205 4098 1206 4105 ,

49 4110 124 4166 lieet
157 4129 265 4184 capere
297 4113 483 4183 stratagema,
523 4131 582 4187 quo
618 4112 702 4167 adea
718 4113 845 4183 scilieet,
865 4114 1139 4189 quaepraeeedunt‚

48 4190 157 4237 reuma
183 4181 354 4237 immensam
381 4182 583 4240 Barbaroruru
616 4181 772 4245 reserenda
789 4183 827 4238 est
840 4183 1155 4257 haeeroltvboyia.'

970 4451 975 4463 s
1033 4440 1043 4464 ἱ
