2594 4644
425 277 890 343 TESTIMONIA.
1137 292 1198 344 cui

67 417 72 429 ι
130 399 1191 437 Να-ὴ--ω--ῇι--Ἥ

67 504 77 541 t
124 473 383 570 libriindiciol)
421 494 650 574 cognoscitur,
682 507 750 557 tum
774 494 898 568 etiam,
920 493 1004 580 quod
1030 494 1071 554 ad
1097 479 1194 555 Pom-

67 609 74 647 l
121 593 235 670 ponium
254 595 398 658 Atticum
416 596 533 678 (cujus
552 601 640 664 idem
655 615 772 685 rogatu·
787 600 828 663 de
844 601 915 665 vita„
926 597 1057 663 Cat'onis
1074 599 1195 661 librum

67 715 69 752 ι
119 692 204 780 lecit)
227 701 313 765 ritae
330 700 405 766 illae
420 704 618 769 scribantur:
647 721 811 791 utcunque
826 706 861 769 id
877 708 911 768 in
928 722 1041 792 quarto
1057 707 1191 768 Miscel-
1281 698 1284 705 ’

67 856 69 861 .
115 791 269 876 laneorum¹
284 809 414 874 suorum
433 829 532 897 neget
552 815 771 898 Hieronymus
794 815 940 898 Magius,
969 813 1025 896 qui
1042 812 1109 896 ipse
1127 818 1193 877 Ne·

104 913 183 994 potis
201 916 405 998 praefatione
435 924 513 984 satis
542 921 718 984 refellitur.
761 919 898 981 Accedit
924 933 956 982 et
978 920 1078 982 altera
1097 920 1191 985 ratio.

101 1022 173 1081 Nam
187 1020 241 1084 his
262 1023 409 1089 inlibris
429 1049 467 1090 ea
483 1030 595 1113 legere
616 1027 676 1102 est,
701 1048 783 1111 quae
795 1024 1113 1114 opushocsc'riptum
1128 1014 1192 1091 elie
1285 1101 1289 1118 ,

98 1129 249 1203 clamant,
280 1153 344 1214 quo
369 1146 518 1218 tempore
546 1133 720 1217 Pompeius
747 1150 780 1197 et
799 1135 913 1196 Caesar
935 1135 1010 1218 plus
1030 1146 1190 1215 poterant,

96 1223 188 1320 qnam
206 1235 311 1327 libera
329 1239 364 1299 in
381 1261 451 1323 rep.
472 1243 653 1327 expediret.
676 1246 723 1304 Ea
738 1242 915 1304 Lambinus
928 1241 1012 1302 loca
1023 1238 1189 1324 congessit,
1235 1269 1240 1278 ·

87 1503 89 1507 ⁷
119 1458 304 1530 scriptorum
319 1461 558 1538 editionumque,
579 1481 594 1518 e
613 1462 768 1521 codicibus
786 1466 959 1530 ductarum,
978 1455 1190 1534 inscriptiones

120 1529 280 1595 testantur,
307 1542 335 1584 et
354 1530 486 1605 diligenti
510 1534 782 1606 vitarum-ipsarum
806 1535 936 1588 lectione
960 1532 1031 1587 satis
1047 1530 1187 1602 intelligi·

120 1606 180 1650 tur.
201 1599 286 1674 Quae
304 1617 394 1672 quum
411 1601 617 1674 elegantiffimc
638 1604 766 1675 scriptae
782 1604 859 1668 sin't,
875 1603 1063 1675 egregiisque
1078 1599 1187 1651 verbo·
1254 1640 1262 1647 .

120 1683 186 1720 rum
207 1682 242 1718 ae
262 1669 472 1722 sententiarum
489 1671 649 1725 luminibus
666 1664 813 1726 distinctae
827 1672 1038 1744 perspicuitate
1057 1668 1143 1722 simul
1160 1677 1188 1721 et

67 1766 68 1769 =
121 1734 269 1807 gravitate
285 1734 409 1792 lectoris
426 1739 554 1792 animum
572 1750 706 1806 teneant,
725 1742 791 1795 loc'n
811 1752 906 1793 tamen
924 1737 1067 1806 nonnulla
1082 1753 1187 1789 occur-

120 1811 209 1869 runt,
230 1803 389 1876 inquibus
413 1807 559 1879 reliquam
581 1809 754 1879 elegantiam
777 1811 818 1864 ita
839 1807 1000 1870 delidcres,
1018 1815 1051 1857 ut
1071 1803 1102 1856 in
1126 1803 1186 1857 elio

102 1870 207 1942 ¹plane
223 1871 379 1945 scriptore
401 1885 430 1927 te
447 1876 557 1929 versari
578 1887 680 1948 putes,
708 1888 737 1930 st
756 1878 863 1937 malum
884 1872 1109 1948 interpolatoris
1126 1888 1186 1929 ma,

119 1956 188 1991 num
198 1938 317 1996 faciles
339 1943 448 1997 noscas.
469 1945 507 1999 Ut
521 1955 616 1998 autern
631 1945 684 2000 hac
699 1945 728 1998 in
745 1963 779 2000 re
792 1946 935 1998 Virorum
948 1948 1112 1997 Doctorum
1121 1957 1186 1993 sen-

119 2005 230 2062 tentiae
246 1958 429 2070 accedimus·
448 1998 489 2064 Na
506 2024 617 2066 reetea
637 2013 732 2068 Voffio
746 2013 859 2067 Barthii
878 2011 1019 2080 judicium
1035 2006 1186 2077 improba·

118 2075 144 2128 ri
163 2076 375 2145 exzstimarnus,
399 2080 449 2151 qui
475 2081 557 2136 Vitas
575 2081 640 2135 illas
658 2083 695 2135 ab
715 2079 842 2136 Aemilio
859 2080 960 2134 Probo
981 2079 1013 2151 in
1036 2079 1186 2148 epitomen
1199 2122 1215 2154 ἱ

71 2162 78 2175 ’·
118 2140 252 2200 iedactas
272 2148 354 2202 tuille
372 2149 429 2205 sibi
476 2151 647 2204 crsuaserat.
668 2151 739 2204 Mihi
763 2150 881 2205 Probus
896 2149 926 2200 in
948 2142 1185 2218 redintegrandis

119 2210 335 2284 imperatorum
350 2219 427 2273 Vitis
453 2230 493 2273 tta
511 2221 640 2272 versatus
665 2218 748 2272 inille
767 2217 902 2283 videtur,
921 2227 954 2270 ut
977 2233 1026 2269 eas
1046 2229 1185 2286 almagno

118 2281 264 2336 Virorum
280 2285 434 2340 lllullrium
450 2288 607 2342 Volumine
621 2305 704 2360 segre
726 2299 806 2353 aret,
827 2289 936 2359 suaque
952 2302 1040 2337 rnanu
1053 2281 1184 2337 recensi-

118 2357 179 2412 tas,
196 2352 295 2423 paffirn
309 2355 500 2428 interpolatas
513 2373 651 2428 novoque
666 2303 771 2411 ordine
782 2355 939 2428 dispolitas,
953 2350 1116 2406 Theodosio
1127 2351 1183 2402 lm·

118 2423 251 2539 peratori
277 2421 435 2478 dedicaret.
457 2425 499 2477 lta
525 2424 666 2496 temporis
685 2425 839 2500 progrellu
859 2422 966 2476 factum
985 2422 1039 2486 eli,
1057 2429 1108 2482 nt,
1128 2419 1181 2475 ob·

130 2486 250 2542 ittebato
267 2505 339 2544 vero
360 2492 522 2565 scriptoris
541 2493 679 2558 nomine,
698 2495 751 2546 hae
772 2494 851 2547 vitae
868 2490 995 2544 Aemilio
1012 2489 1114 2545 Probo
1130 2486 1184 2541 tri-

94 2566 99 2577 *
117 2553 290 2621 horrentur,
310 2570 349 2621 et,
394 2561 422 2613 ui
440 2577 488 2613 eas
502 2560 620 2616 nonnisi
638 2562 852 2634 recognovillet
870 2571 957 2632 atque
971 2559 1007 2612 ab
1027 2555 1183 2611 oblivione

117 2624 305 2688 vindieall'et,
323 2576 472 2699 paudlati'm
488 2645 545 2699 pro
561 2639 688 2683 auctore.
705 2630 806 2702 operis
823 2628 994 2682 haberetur.
1013 2627 1067 2681 Cui
1084 2623 1183 2679 simile
1275 2654 1283 2673 .

116 2692 230 2766 aliquid
248 2695 278 2747 in
289 2696 420 2751 Caesaris
432 2697 657 2752 Commentariis
674 2698 808 2753 accidille
824 2695 973 2758 videmus,
993 2711 1082 2766 quos,
1097 2710 1113 2745 a
1131 2691 1187 2746 Ju-.

116 2757 158 2814 lio
180 2761 266 2816 Celso
310 2763 415 2818 nodam
440 2763 613 2829 recenlitos,
644 2766 758 2838 aliquot
775 2765 864 2818 medii
880 2764 944 2817 aevi
961 2755 1180 2833 scriptores-ad

115 2829 240 2882 eundern
257 2781 370 2887 odium
386 2833 699 2887 auctorem‘relerunt.
727 2838 791 2888 Hoc
814 2835 844 2886 in
864 2834 904 2885 Im
929 2840 1078 2884 erutorum
1098 2825 1184 2885 vitis

114 2911 150 2949 eo
163 2898 281 2953 facilius
297 2903 360 2954 lieri
385 2901 499 3025 potuit,
520 2901 600 2973 quod
616 2902 732 2958 Probus
749 2903 780 2955 in
798 2850 964 2968 verlicuiis,
984 2916 1074 2972 supra
1097 2913 1176 2952 eous·

113 2970 299 3035 memoratis,
318 2969 382 3024 seli
407 2969 452 3038 ri,
470 2969 521 3022 teli
536 2968 625 3032 modo
641 2970 836 3037 conformati,
858 2968 1175 3034 Auctorem,·librum-
1230 2981 1232 2984 ·

113 3051 169 3106 que
185 3035 280 3106 ipsum
294 3057 382 3093 suum
392 3073 400 3107 ,
418 3039 438 3091 i.
457 3049 483 3091 c'.
501 3053 517 3088 a
535 3037 715 3098 se‘denuoe
732 3039 862 3094 tenebris
884 3038 1050 3112 prolatum,
1070 3034 1176 3106 descri-

111 3113 194 3175 ptum
213 3114 242 3157 et
259 3107 448 3173 recenfitum,
474 3120 511 3178 ap
535 3107 613 3160 ellat.
651 3109 732 3183 Quae
752 3107 843 3161 rerba
861 3108 890 3160 in
905 3106 976 3172 fine
991 3103 1063 3158 libri
1083 3103 1173 3158 collo·

83 3213 87 3222 .
112 3182 176 3226 cate
199 3173 319 3236 (ornnes
337 3176 414 3228 enirn
437 3124 642 3240 membranae,
673 3177 704 3229 in
718 3175 825 3249 quibus
841 3176 941 3229 versus
955 3174 1001 3226 illi
1015 3173 1171 3244 leguntur,

111 3240 287 3301 Hannibalis
301 3259 352 3297 eos
364 3246 444 3298 vitae
460 3243 639 3310 subjiciunt)
656 3262 788 3299 errorem
809 3245 844 3298 iis
860 3243 1023 3297 lectoribus
1040 3240 1172 3307 objicere

110 3325 168 3361 nort
185 3321 363 3381 potuerunt,
381 3313 432 3386 qui
446 3311 646 3384 antiquislimis
656 3313 759 3365 harum
769 3314 895 3366 vitarum
913 3310 1083 3376 codicibus,
1103 3309 1170 3363 Cor·
1203 3366 1211 3383 υ

110 3375 185 3434 nelii
207 3380 331 3436 nomine
343 3386 550 3453 praenotatis,
576 3390 741 3434 uterentur.
768 3386 879 3437 Verum
903 3380 953 3432 illa
978 3378 1037 3450 ipsa
1060 3377 1169 3438 verbs,

109 3447 185 3500 male
211 3447 376 3513 intellecta,
403 3450 545 3506 librarios
564 3448 706 3521 impulille
724 3449 880 3514 videntur,
900 3459 938 3515 ut
955 3449 1171 3519 Imperatorum

107 3515 185 3568 vitas
201 3532 300 3571 avere
315 3527 436 3572 auctore
449 3517 670 3584 abjudicarent,
688 3528 732 3583 et,
751 3516 945 3584 omilsebujus
959 3514 1095 3575 nomine,
1114 3513 1170 3568 Ae.
1209 3574 1213 3579 ⁸

106 3583 224 3637 milium
241 3586 371 3640 Probum
389 3588 521 3643 Cornelii
544 3586 667 3659 Nepotis
689 3586 791 3657 spoliis
810 3593 997 3660 exornarent.
1020 3580 1107 3663 Quod
1119 3600 1168 3655 au·

107 3659 166 3704 tem
184 3669 274 3726 supra
287 3654 516 3726 postremoloco
530 3654 614 3742 poltri
629 3689 637 3718 ,
654 3654 728 3709 vitas
742 3654 959 3725 Imperatorum
970 3651 1056 3705 aliter
1069 3650 1168 3705 aPio·
1220 3690 1225 3698 .

105 3714 162 3782 bo,
187 3730 306 3794 atque's
321 3725 452 3796 Nepote,
471 3724 623 3780 ordinatas
636 3721 735 3788 inille,
753 3721 810 3774 hoc
829 3721 869 3774 ita
887 3731 972 3776 acute
989 3720 1088 3791 itaque
1106 3720 1167 3773 evi·

104 3785 213 3842 denter
229 3806 263 3842 ex
277 3789 337 3864 ipsa
353 3793 456 3845 barum
473 3796 608 3849 Vitarum
623 3791 739 3844 ratione
753 3791 867 3846 Titulus
883 3787 1105 3853 demonstrarit,
1124 3799 1168 3854 ut,

105 3858 156 3930 qui
177 3855 315 3913 dubitare
329 3877 363 3914 ea
381 3859 417 3915 de
426 3879 460 3915 re
497 3862 575 3924 uffit,
594 3860 725 3913 futurum
743 3858 860 3914 credam
876 3859 1032 3913 neminem.
1052 3858 1116 3933 Qua
1130 3855 1168 3910 de
1205 3917 1208 3927 .

105 3925 200 3979 eanss‘a
219 3942 287 3988 eum
306 3929 457 3984 Titnianae
472 3878 705 3986 introductionis
730 3927 844 3995 locum,
867 3929 898 3981 in
918 3943 974 4002 qua
990 3927 1061 3980 baec
1079 3934 1166 3998 quae·

104 3993 157 4048 llio
175 4003 397 4068 pertractatur,
417 3996 600 4053 Testimoniis
621 3994 658 4050 de
677 3997 768 4058 (loru.
793 3999 908 4071 Nepote
932 3992 1094 4049 addendum
1107 4010 1164 4049 eu·

75 4104 78 4109 .
104 4062 248 4119 servimus.¹
274 4063 350 4118 Illud
368 4064 534 4132 adjicimus.
561 4062 596 4120 L.
614 4062 796 4148 Arnpclium,
826 4067 906 4131 cujus
927 4074 1005 4119 aetas
1024 4064 1059 4134 ine
1074 4063 1166 4137 ipsum

104 4128 268 4200 Theodosii
286 4133 329 4186 lm
352 4136 477 4190 cratoris
493 4146 606 4206 tempus
624 4132 746 4200 incidit,
764 4134 847 4189 Libri
864 4131 1046 4186 Memoriali's
1060 4114 1164 4207 §lepidi
1195 4194 1197 4201 Α

103 4194 168 4259 XV.
184 4219 246 4276 quo
267 4198 305 4256 ds
321 4151 719 4260 siartmutastheuteuttum
736 4203 868 4277 Regibus
886 4184 1164 4269 etDucibutb'xdt»
