2594 4644
405 74 775 176 ruderarie.
1100 133 1123 194 η

68 232 1123 267 ——dm-—h———wm

63 314 124 370 Vox
140 315 324 387 adolescentulis
341 315 477 388 exprimit
488 318 575 370 Grae·
610 316 628 371 ri
666 316 756 388 opulo
769 325 814 382 et,
841 327 874 369 ut
890 315 1124 371 Ciceroteltetur

10 412 12 421 ·
61 399 106 438 eae
120 400 209 437 voces
219 383 268 445 uei
290 400 377 448 αςςας,
389 384 574 453 etiisipa'ma,
608 335 663 440 tili

98 469 132 504 ae
141 448 178 504 de
195 399 312 523 pueliis,
332 461 360 502 et
379 449 575 507 adolescentu-
609 456 662 507 siem
679 454 764 505 sceiere
775 454 907 518 judicum,
935 471 979 522 quo
999 444 1126 518 Tyranio-

22 517 29 528 '
70 531 93 573 it
108 517 256 592 pathicii,
282 530 311 571 et
325 517 476 591 impudicis
493 538 574 579 usur·
609 541 664 576 rum
691 523 880 585 Theramenem,
906 520 987 574 fuill'e
1011 521 1125 574 damna·

56 597 174 713 paritur.
193 585 263 641 Vid.
286 587 392 641 Graev.
409 587 439 638 in
456 588 574 640 Luciani
609 601 678 643 tum.
699 609 728 642 v.
750 588 846 641 Perit.
860 587 897 640 ad
917 588 1028 642 helian.
1046 590 1079 642 L.
1099 606 1125 640 i.

668 423 674 437 .
695 404 717 439 ι.
739 386 824 438 Tusc.
848 383 956 457 disput.
980 403 1004 437 c.
1024 387 1068 452 4ο.
1087 402 1126 437 eo·

79 655 178 708 oloec.
218 671 294 721 .7o,
321 671 371 722 71,
394 670 438 721 ην.
459 658 574 709 etDor-
608 662 648 714 V.
662 660 697 710 H.
716 672 780 728 cap.
794 659 834 711 ιθ.
854 674 883 708 n.
900 675 924 709 1.
944 655 980 708 ad
993 659 1072 709 L.11.
1097 673 1124 708 c.

56 722 184 778 viliuma
214 722 364 777 Chariton.
381 721 496 776 Lihnv.
510 741 535 776 e.
547 742 572 777 n.
615 728 656 781 13.
676 744 704 777 n.
719 743 760 777 ιο.
781 722 841 779 Sed
851 723 921 776 haec
934 724 1008 777 nihil
1018 723 1127 777 faciunt

22 858 26 863 .
56 791 267 865 p.1ii71.nam,
292 789 361 843 licet
374 788 420 842 hic
437 790 507 843 haec
521 809 578 844 vox
612 793 649 846 ad
680 791 801 864 Nepotis
835 790 927 844 verba
950 789 1125 846 illustranda.

57 856 304 912 multis'odiosum
317 857 408 929 nihil,
428 868 577 930 etsuspec-
611 862 687 915 Plut.
706 861 737 913 in
759 859 855 912 Alcih.
884 878 914 931 p.
936 861 993 926 193.
1020 859 1128 922 fateor,
1198 922 1202 931 Ι

53 935 120 980 tum
135 925 285 978 continere
295 922 438 990 videatur,
451 943 466 979 e
481 929 514 980 r'e
527 927 577 979 im·
611 928 695 992 dicit,
714 925 731 979 ὁ
750 927 955 997 ὁὲξωκράτυς
969 926 1127 996 ἓρωςρέρα

56 991 164 1068 pudica
176 1003 271 1046 tamen
282 991 429 1066 desumpta
445 1003 496 1049 est.
511 1011 577 1048 eon·
610 995 778 1067 μαρτύριον
795 1003 830 1057 ην
857 999 907 1060 της
924 996 1049 1064 ἀρετῆς,
1066 995 1128 1046 ’,καὶ

57 1071 104 1115 tra
136 1063 288 1116 νεανίσκος
320 1070 349 1113 et
376 1063 491 1116 νεανίας
521 1081 576 1135 pro
611 1064 901 1133 ὲυφυίαςτῦτςαιὸός.
920 1063 1053 1136 sedpag.
1069 1065 1126 1146 194.
1208 1098 1210 1103 -

57 1128 192 1193 strenuo,
211 1127 332 1191 audaci,
351 1130 584 1183 etrohusto..v.
611 1133 700 1186 addit.
733 1129 1001 1198 Ἀλκιβιάὸηςὸἠν
1025 1132 1076 1193 μὲν
1095 1147 1127 1182 o-

10 1227 16 1241 ·
57 1194 132 1261 01η.
147 1197 231 1251 Miso.
248 1198 323 1250 Nov.
339 1196 461 1265 d.17l,'4.
481 1200 516 1252 Τ.
531 1218 575 1251 vr.
610 1201 691 1265 μέλει
708 1198 870 1268 καὶπρὸςὰ
893 1199 1017 1269 ὥριμος,
1036 1196 1127 1267 cipido

56 1280 90 1348 ρ.
107 1265 177 1333 493,
195 1267 256 1333 494.
272 1273 319 1326 et,
338 1264 406 1318 licet
417 1265 472 1328 liti,
491 1265 578 1319 hodie
609 1268 670 1323 ὑπὸ
692 1267 858 1320 &cointius
872 1218 1017 1337 ζερορένη
1031 1283 1126 1334 παρα-

58 1341 138 1386 tnter
160 1328 262 1385 doctos
278 1330 313 1383 de
333 1331 388 1384 hoc
401 1332 580 1386 Graecorum
612 1339 700 1400 νομέα
718 1334 756 1386 εἰς
774 1335 808 1392 τὸ
829 1342 913 1401 σῶμα
938 1343 988 1400 της
1014 1337 1128 1400 ὁιαίτης
1257 1386 1261 1393 ,

59 1410 251 1463 interemtae,
268 1416 315 1452 me
330 1417 389 1452 non
402 1400 579 1466 inmisceam,
611 1405 742 1469 ὑποψίαν
759 1404 902 1468 τοιαύτην
920 1404 1058 1456 diomero:
1077 1399 1129 1456 sed
1166 1417 1169 1423 ·

60 1477 285 1521 cerumtamen
304 1477 368 1530 est,
395 1468 472 1520 hunc
496 1471 578 1523 aNe-
614 1473 705 1527 verba
719 1471 798 1524 Thur
818 1471 988 1524 didisL.v1.
1009 1489 1040 1524 ca
1060 1473 1072 1523 ’.
1085 1471 1127 1524 15.

37 1576 47 1591 .
83 1545 131 1590 ote
148 1552 205 1619 pt't)¹
224 1534 323 1605 infami
344 1534 576 1590 fuiffehabitum·
614 1539 769 1605 ostendunt,
815 1538 979 1592 thenienses
998 1538 1027 1591 in
1049 1554 1128 1590 eme·

88 1614 116 1668 t,
135 1620 158 1658 si
172 1600 578 1686 Nepotisverharecteperci-
613 1608 698 1660 tuille·
717 1607 876 1672 tyrannidis
893 1605 1126 1660 adfectationem.

59 1672 201 1747 piantur,
219 1688 250 1726 in
265 1671 360 1724 Alcib.
385 1688 488 1743 capi.
509 1682 537 1725 et
552 1690 577 1725 n.
614 1674 795 1742 φοβηθέντες
849 1674 889 1742 ἀρ
919 1673 991 1726 cincii
1009 1678 1038 1725 oi
1055 1673 1128 1724 not.

59 1758 124 1794 non
141 1739 171 1791 in
194 1740 334 1801 honorem
347 1739 476 1794 Socratis
493 1738 588 1793 ciel..
614 1745 665 1796 λαὶ
691 1743 725 1794 τὸ
751 1693 893 1810 nipedes,
921 1746 971 1805 τῆς
996 1757 1026 1793 τε
1051 1737 1128 1794 nard

59 1804 186 1861 cibiadis
200 1817 266 1860 sunt
280 1805 467 1880 accipienda3
502 1824 578 1871 nam,
613 1809 646 1863 τὸ
668 1810 758 1862 taurii
774 1808 815 1861 τὸ·
834 1817 917 1871 σῶμα
942 1810 1130 1877 παρανομίας

59 1885 219 1998 postepiam
234 1874 281 1927 hic
299 1891 362 1947 cap.
376 1873 579 1929 ndehlcibia-
614 1879 641 1948 ig
657 1877 710 1944 την
727 1878 854 1942 draiton,
864 1877 1128 1958 καὶτηςὸιανοίας,

84 1942 251 2006 edixerat,
270 1943 333 1994 idem
347 1944 491 1996 simulacre
507 1946 580 1995 remi·
609 1951 655 2009 ’ών
672 1945 739 1998 καθ’
754 1945 891 1999 tristanno
909 1941 1005 2008 indta>
1015 1942 1048 2014 ρι’
1086 1961 1128 1994 οι-
1184 1994 1189 2000 .

61 2020 128 2066 serat
143 2038 211 2061 -i—
227 2011 378 2073 luxuriosis,
396 2009 529 2080 diffolutus,
548 2013 580 2064 li·
613 2031 648 2066 το
666 2013 831 2083 ἔπρασσεν,
851 2011 889 2066 ὥς
915 2015 1036 2082 τυραννὶ
1055 2029 1086 2063 ος
1104 2009 1128 2062 i-

60 2081 200 2143 bidinosus,
228 2081 389 2146 intemperans
408 2082 579 2148 reperiebatur.
614 2072 767 2145 αι’ὁυρῦντι
786 2083 924 2141 πολέμιοι
942 2079 1126 2134 καθέςασαν.

59 2146 161 2223 pergit
175 2164 238 2219 cap.
250 2164 275 2199 n.
295 2145 319 2216 4.
335 2165 361 2200 n.
382 2150 478 2201 incunte
491 2149 580 2201 adoles·
614 2149 1037 2233 Sedinquamciunqiiepartem
1047 2164 1129 2201 amor

61 2223 245 2269 centianmatus
262 2225 296 2267 est
308 2234 323 2266 a
334 2216 581 2269 multismore'Grae·
614 2217 661 2270 iste
674 2218 803 2274 Socratis
827 2229 856 2271 et
876 2215 1035 2272 Alcibiadis
1055 2215 1129 2267 acci-

61 2302 163 2337 corum.
182 2286 209 2335 in
223 2285 282 2334 eisc
299 2285 408 2340 Socrate.
442 2286 515 2336 Tum
532 2283 579 2336 Al·
613 2285 720 2357 piatur‚
731 2287 819 2368 'inpie
836 2297 941 2350 tamen,
961 2296 988 2340 et
1000 2283 1079 2337 stulte
1088 2283 1128 2336 fa·

63 2350 211 2407 eibiadem
219 2361 489 2411 commemorantem
499 2349 579 2403 ind'u-
614 2351 710 2416 ciunt,
729 2373 779 2426 qui
798 2355 963 2419 Socratem,
991 2361 1019 2404 et
1031 2353 1130 2424 plures

63 2420 107 2474 eit
124 2418 201 2492 apud
214 2420 365 2472 Platonem
377 2419 407 2471 in
423 2418 580 2491 Sympolio,
614 2420 803 2491 Ethnicorum
829 2421 979 2476 defunctos
999 2419 1128 2493 philoso-

62 2506 88 2541 se
101 2483 246 2557 prrnoctciffic
261 2506 316 2539 cum
329 2490 434 2548 Socriite,
457 2489 582 2555 nequeaii-
635 2489 687 2541 hos
710 2489 862 2544 beatorum
880 2507 1000 2543 numero
1022 2486 1130 2543 adscri-

39 2592 42 2596 -
63 2565 104 2609 ter
115 2558 145 2608 ai
158 2551 321 2623 rusurrexrffin
340 2573 368 2607 iic
380 2556 581 2624 filiusapnrente
613 2506 702 2622 hunt,
722 2556 915 2621 ostendentes,
935 2575 964 2612 se
972 2565 1021 2608 aut
1035 2571 1129 2610 sacras

62 2626 184 2678 &buerit
217 2625 280 2676 Hoc
295 2623 582 2693 testimeniumigitur
614 2626 714 2679 literas
731 2644 789 2678 non
808 2625 988 2700 intelligere,
1017 2634 1065 2677 ant
1092 2620 1129 2676 iis

64 2702 111 2747 est
127 2689 307 2756 Alcibiadiss'
324 2690 580 2763 autpotiusPlato-
614 2692 768 2746 fidemnon
780 2692 903 2758 habore,
923 2704 951 2746 et
968 2688 1129 2747 temerarii·

58 2761 132 2825 nis,
150 2759 439 2832 nonveroNepotie,
457 2761 508 2832 qui
515 2779 582 2814 mox
615 2759 786 2834 quibusdam
798 2760 978 2824 hominihus,
997 2761 1046 2831 qui
1065 2777 1128 2812 nes-

64 2827 166 2882 addit:
187 2827 466 2898 Posteaquamroiustior
484 2830 582 2894 estfac·
616 2829 663 2884 cio
680 2845 753 2900 quae
770 2828 826 2883 sibi
839 2829 949 2882 somnia
962 2829 997 2882 de
1013 2839 1131 2882 externa

64 2905 122 2961 ius,
143 2914 190 2948 non
212 2899 292 2949 minus
312 2896 400 2950 multos
420 2901 535 2950 amovit:
554 2901 581 2950 in
616 2895 802 2970 quarumdam
820 2898 958 2951 virtutum
974 2895 1129 2973 speeiefin·

65 2982 166 3033 quornm
197 2981 293 3029 amore,
327 2965 403 3032 quoad
431 2965 530 3017 licitum
547 2975 582 3018 est
634 2976 700 3029 unt,
725 2964 819 3029 arma,
855 2966 960 3041 qpihus
984 2966 1025 3022 illi
1051 2979 1131 3019 suam
1158 2986 1174 3002 ··

66 3032 276 3104 (Heufingerus
299 3031 423 3104 explicat
445 3050 516 3100 quam
538 3035 582 3086 diu
615 2984 771 3089 defendant
802 3035 993 3101 sententiam,
1034 3029 1130 3088 videri

64 3101 166 3173 potuit)
184 3100 476 3162 odiosamuitadilicote,
490 3103 582 3165 jocose·
615 3101 866 3157 velleministrare.
881 3104 923 3155 Ita
931 3105 1054 3156 sentiant
1063 3100 1130 3153 Eth-

121 3166 210 3232 fecit.
235 3168 280 3221 An
295 3167 336 3221 ibi
350 3165 384 3221 de
395 3167 467 3221 casto
485 3185 582 3222 amore
616 3168 694 3232 nici,
714 3180 742 3221 et
756 3170 817 3240 ipse
831 3171 965 3224 Socrates
978 3168 1053 3243 apud
1067 3169 1130 3222 Pla·

64 3186 111 3294 ᾗ
133 3237 582 3309 osloquatur,utcensetBof1us‚
616 3248 723 3291 tonem.
737 3258 766 3291 v.
781 3239 915 3292 Ciceron.
930 3239 962 3290 L.
976 3258 999 3292 ι.
1012 3236 1129 3292 Tuscul.

66 3255 406 3378 (phialimmjudicio
424 3305 562 3376 permitto
572 3323 581 3371 3
616 3305 731 3376 Disput.
757 3321 820 3378 cap.
844 3312 887 3374 41.
930 3307 973 3358 lta
1000 3307 1131 3377 Aesopus

66 3389 128 3428 non
150 3372 227 3426 enim
245 3371 327 3425 decet
346 3373 441 3426 virum
466 3390 583 3446 gravem
618 3371 695 3456 apud
706 3372 781 3427 Plut.
799 3376 828 3427 in
842 3374 943 3445 Pelop.
959 3393 989 3446 p.
1007 3392 1065 3442 297.
1080 3368 1132 3426 sed

66 3443 159 3497 multa
174 3441 276 3495 odiosa
286 3440 424 3504 delicate,
443 3444 472 3494 et
483 3441 583 3507 jocose
618 3457 681 3497 sine
689 3439 799 3495 Christo
811 3442 890 3494 nulla
900 3441 1130 3516 saluspostmor·

67 3508 178 3565 faeere.
215 3509 283 3563 Scio
309 3508 443 3581 quidem,
479 3510 583 3563 multos
616 3522 685 3565 tem.
725 3507 800 3592 Quid
820 3510 892 3563 Cato
911 3508 1058 3576 majorde
1078 3509 1131 3562 So·

90 3597 125 3633 ro
146 3578 266 3633 Socrate
278 3594 432 3648 pugnare,
467 3588 583 3632 conten·
617 3587 695 3634 crate
710 3575 830 3639 dixerit,
849 3597 877 3630 v.
892 3576 969 3631 Plut.
987 3594 1054 3652 pag.
1068 3577 1129 3632 350.

66 3595 181 3710 dentes,
200 3648 417 3714 corruptionem
427 3646 583 3711 iuventutis
649 3645 744 3699 Habere
753 3641 908 3713 amatores.]·
917 3645 990 3700 Cod.
1002 3649 1075 3700 Dan.
1088 3647 1132 3697 ha.

68 3712 149 3769 ineo
167 3713 331 3779 constitisse,
350 3713 430 3786 quod
454 3732 516 3769 eam
540 3714 582 3767 in·
616 3711 697 3778 huiffe.
720 3712 829 3768 Bofius.
856 3711 1080 3794 [Valckenarius
1096 3710 1133 3765 ad

60 3781 244 3849 ¹mitteretin
255 3785 333 3838 Deos
348 3793 376 3835 et
414 3784 537 3847 atriam,
556 3793 585 3837 et
618 3781 1133 3856 CallimachiElegiarumFragtnentn

68 3848 193 3905 doceret
212 3845 341 3925 probare
358 3802 444 3917 falla,
463 3862 491 3905 et
514 3852 584 3906 v'era
639 3869 684 3924 ag.
710 3853 769 3905 216.
789 3856 881 3924 proin
907 3851 1012 3904 Graecia
1035 3853 1132 3924 legen·
1172 3913 1175 3917 Ι

69 3918 225 3982 refellere,
261 3929 290 3971 et
312 3917 379 3973 ideo
402 3921 500 3993 paullo
517 3929 586 3992 post
617 3871 685 3973 dum
697 3919 750 3972 effe
761 3920 854 3972 censet
865 3918 1000 3989 increta,
1018 3933 1132 3990 compa·

70 3986 179 4054 ejectos
192 3985 311 4061 triginta
325 3998 461 4060 tyrannos
475 3987 584 4058 injuste,
618 3998 683 4043 rato
704 3988 773 4044 loeo
792 4004 825 4043 ex
842 3987 982 4043 Athenaei
999 3988 1133 4059 Epitonio

1028 4070 1032 4099 l
