2594 4644
278 276 340 343 ta.
382 242 751 339 pausantis.
795 277 886 338 cta.
915 279 971 353 1„
1077 286 1157 357 tuto·

70 470 211 533 auore
237 468 469 532 asnssaos
498 469 612 537 arun
641 472 869 533 restanus
891 475 998 535 ussa
1018 475 1166 536 nanu¹

72 576 170 650 ros,
214 576 403 671 sausoure
431 575 667 640 vtcroana
697 577 818 639 anco
847 576 1050 641 tronum
1070 581 1148 643 oo·
1205 638 1212 655 ,

72 684 155 743 NUM
182 682 378 745 DEDISSE.
428 683 499 743 Hos
527 702 658 747 versus⁴
679 682 927 744 Lacedaemonii
963 679 1190 768 exsculpse-lt
1221 699 1233 723 ‘³

37 866 42 875 ι
71 800 149 861 runt,
172 807 280 870 neque
301 787 388 848 alind
409 787 628 870 scripserunt,
673 809 766 873 quam
786 788 914 848 nomina
936 810 1044 850 carum
1066 791 1147 854 eivi-

71 904 180 966 tatnm‚
220 911 358 976 quarum
379 890 496 952 auxilio
517 895 638 954 Persae
661 909 752 958 erant
772 895 862 959 victi.

70 1074 147 1141 slot,
168 1072 236 1127 heic
247 1073 416 1140 ohservare,
427 1090 513 1148 quam
522 1085 588 1148 apta
622 1079 684 1132 tta.
710 1089 739 1132 et
771 1076 852 1132 editi.
885 1077 1015 1153 Magius
1049 1087 1146 1129 tamen

69 1140 223 1227 eademqne
246 1144 360 1197 occulta
384 1143 527 1216 gravitate
542 1160 588 1196 ex·
624 1145 801 1218 opinabatur
810 1145 962 1219 legendum
976 1141 1145 1215 exsculpse·
1171 1213 1172 1217 Ἰ

66 1212 201 1282 preh'erit
219 1209 268 1263 hic
285 1213 384 1284 Nepos
401 1212 588 1280 Χαρακτῆρα
623 1221 711 1285 runt,
731 1213 810 1287 quod
826 1211 1000 1286 exsculpere
1016 1213 1070 1264 scal
1094 1229 1145 1264 en.
1171 1234 1175 1263 ε
1266 1223 1269 1228 ·

66 1280 332 1353 imppastuattna'v.
366 1279 482 1332 Habent
510 1279 588 1332 enim
623 1281 661 1334 do
677 1281 776 1336 delere
793 1283 841 1334 vel
852 1298 989 1336 amovere
1000 1231 1145 1352 lignidum,

65 1350 128 1405 itae
161 1348 372 1420 inscriptiones
397 1356 529 1399 veterum
559 1357 588 1400 et
623 1359 652 1400 et
668 1349 812 1422 proclivis
831 1349 1003 1422 depravatio
1022 1349 1075 1400 ess'c
1092 1366 1145 1419 po-

10 1436 13 1465 t
64 1412 264 1473 dedicationes
280 1413 449 1487 quiddama
472 1415 585 1485 vulgari
622 1417 714 1470 tuerit
727 1416 880 1483 librariis3
913 1434 1007 1489 neque
1025 1416 1062 1469 ab
1083 1417 1145 1469 ullo

63 1500 198 1541 ammone
212 1501 245 1536 ac
262 1482 413 1539 sententiis
431 1481 575 1538 diversum
621 1484 793 1540 Latinorum
807 1487 929 1538 verbum
937 1483 1079 1557 exsculpo
1087 1502 1145 1555 pro

41 1570 120 1607 ‘non
134 1558 175 1605 'ut
192 1552 348 1625 qtraelitum
365 1549 517 1616 videatur,
537 1520 587 1604 scd
622 1568 678 1615 eo,
699 1550 778 1626 quod
796 1553 833 1604 est
856 1554 1019 1626 sculpturas
1041 1552 1143 1616 orado,

61 1620 161 1675 native
180 1619 337 1687 ἐμφάσεωῐ
352 1618 476 1689 quadam
487 1619 586 1673 indole
621 1621 669 1673 vcl
687 1620 790 1682 deleo,
809 1623 956 1693 prolatum
972 1621 1012 1674 fit.
1033 1623 1145 1676 Verum

61 1685 241 1744 foecundum
252 1698 279 1741 ct
290 1689 407 1762 grande.
422 1687 586 1741 Nonnullae
621 1689 701 1741 ncilla
715 1689 901 1742 correctione
918 1709 1001 1761 opus.
1020 1691 1143 1761 Expres
1225 1711 1227 1714 ⁴

61 1756 97 1810 ad
114 1754 287 1831 dignitatem
306 1754 402 1810 sensus
412 1756 522 1828 poetici
541 1773 584 1808 aa·
621 1754 658 1807 sit
679 1757 756 1808 enim
773 1765 801 1807 et
825 1755 889 1810 heic
913 1762 1011 1828 Nepos
1031 1758 1145 1810 Graeca

61 1824 192 1889 cedunt,
233 1842 298 1876 cum
320 1827 466 1878 retineant
490 1825 585 1877 soluta
619 1822 692 1876 haee
714 1822 913 1891 Thucydidis:
943 1824 977 1878 τὸ
1002 1826 1054 1889 μὲν
1079 1824 1142 1885 ἕλε,-

60 1892 165 1947 verba.
208 1889 292 1945 Aliae
320 1903 443 1947 metrum
463 1891 586 1945 miscent
619 1901 703 1960 petor
725 1896 755 1943 ot
785 1890 1021 1956 Λακεδαιμόνιοι
1045 1888 1144 1962 ἐξεκό-
1189 1938 1191 1943 .

59 1959 165 2015 liberis
183 1956 350 2015 sententiis:
368 1963 475 2014 multae
494 1960 586 2032 ligant
624 1960 725 2026 λαψαν
740 1957 827 2011 iudeis
844 1961 912 2016 τότε
926 1960 986 2015 ἀπὸ
1000 1961 1144 2029 carpino.

61 2044 227 2082 sermonem
261 2045 322 2084 non
351 2029 437 2084 versu
470 2029 583 2093 minus,
620 2027 670 2080 dos
696 2033 780 2089 tato,
813 2031 864 2080 καὶ
890 2029 1061 2099 ἐπέγραψαν
1078 2026 1143 2081 ὀνο.

62 2106 148 2167 quant
160 2096 332 2162 severitate,
352 2097 515 2164 maiestate,
536 2114 584 2149 ro·
618 2098 689 2153 itast
707 2095 760 2152 τὰς
780 2095 893 2159 πόλεις,
910 2109 965 2152 etc.
982 2095 1144 2151 annotatt·

61 2162 214 2229 tarditate,
226 2163 585 2238 etiam‚quaelimpliciter
618 2180 703 2229 actv,
736 2179 793 2241 qua
813 2184 886 2219 voce
906 2178 935 2219 et
959 2163 1144 2219 Plutarchus

62 2241 197 2305 asrtvage
215 2232 355 2286 videntur
375 2233 482 2296 dicta5
501 2232 583 2285 novi·
619 2232 631 2293 (
656 2235 741 2302 alo.)
758 2228 812 2287 tib.
829 2231 867 2289 dc
883 2231 1143 2307 malignitatem-
1217 2244 1218 2251 ’

62 2309 120 2353 tate
144 2313 174 2355 et
199 2300 329 2355 efficacia
349 2302 474 2355 animum
491 2300 584 2354 solent
640 2300 774 2358 otihaei
799 2301 825 2353 la
843 2304 874 2355 in
889 2320 922 2356 re
937 2320 1017 2366 usus,
1044 2299 1140 2353 estde-
1236 2334 1239 2339 »

55 2378 217 2423 retentare.
250 2372 381 2451 Quorum
395 2370 524 2424 omnium
536 2386 582 2420 ex.
617 2373 691 2433 lere,
709 2317 853 2432 excidere,
872 2370 951 2442 qnod
967 2368 1056 2422 inlcul
1078 2379 1140 2422 tum

62 2436 155 2520 ampla
170 2436 273 2491 videre
294 2439 331 2491 eli
351 2439 381 2490 in
402 2456 506 2511 magno
533 2437 582 2491 In·
618 2449 668 2491 aut
684 2437 804 2491 incisum
818 2438 933 2492 fuerat:
952 2449 985 2491 ut
998 2386 1140 2510 apudDe‘·

63 2507 259 2578 scriptionum
279 2507 532 2564 Gruterianarum
553 2525 583 2558 o-
617 2505 790 2558 mosthenem
816 2504 1011 2577 ἐκκολάπτειν
1031 2505 1064 2557 τὸ
1085 2504 1139 2576 thyi-

62 2588 140 2643 pere.
171 2576 247 2628 Huic
266 2575 378 2628 nostrae
400 2574 582 2646 inscriptioni
619 2582 725 2643 φισμα.
753 2572 838 2652 Quod
862 2586 941 2628 recte
968 2584 1065 2627 vertas
1089 2572 1141 2631 exfi-

61 2642 146 2763 plane
173 2643 290 2718 gemina
323 2643 360 2696 alt
389 2642 583 2697 concinnitate
619 2641 752 2716 sculpere
773 2640 923 2701 decretum
952 2643 1007 2695 five
1025 2640 1143 2715 populi.

10 2712 12 2737 ²
83 2712 264 2785 revitateque
289 2711 338 2765 illa
358 2712 477 2776 Taciti,
495 2729 520 2764 a.
548 2710 581 2764 Α.
618 2713 742 2780 scitum
770 2708 850 2783 quod
866 2711 979 2764 scilicet
1000 2721 1082 2762 antea
1099 2719 1141 2763 ta-

63 2795 130 2843 πω.
141 2780 305 2840 intropaeo
317 2781 501 2834 Germanici:
521 2780 582 2835 De·
598 2782 600 2785 ’
616 2779 714 2845 bulis,
737 2789 770 2831 ut
786 2777 851 2830 fiori
865 2796 928 2832 mos
947 2787 1027 2838 erat,
1045 2776 1142 2830 fuerat

62 2844 182 2905 bellatis
195 2849 276 2903 inter
304 2848 447 2905 Rhenum
467 2846 581 2904 Albim·
617 2847 748 2901 incisum.
787 2845 970 2918 Exscalpcre
991 2842 1085 2898 autem
1104 2844 1142 2898 et

62 2916 325 3037 precautionibus,
348 2917 512 2975 exercitum
531 2917 581 2972 Ti·
618 2916 728 2988 aliquid
752 2935 786 2970 ex
808 2915 909 2985 aliquo
931 2915 1061 2987 scalpere
1080 2923 1140 2965 tan-

80 2986 135 3040 crii
166 2985 307 3041 Caesaris
332 3007 367 3043 ea
393 2988 582 3042 monimenta
617 3002 702 3056 quam
722 2985 877 3038 amaleria
892 3002 901 3050 3
928 2992 961 3035 ut
985 2979 1142 3054 exsalpere
1219 3030 1221 3035 .

63 3052 162 3109 Marti
185 3061 214 3111 et
237 3053 301 3110 Joei
321 3063 351 3111 et
372 3055 508 3130 Augusto
532 3073 580 3109 sa·
616 3053 878 3135 signumcligno,
893 3058 947 3107 ete.
962 3051 1082 3104 Rosius.
1102 3052 1140 3103 0-

60 3124 200 3179 rravisse.
236 3124 377 3193 Expreffit
401 3135 496 3178 autem
526 3125 580 3177 Ne·
598 3122 756 3176 ‘xonienfis
775 3123 871 3176 editor
886 3121 996 3173 mavult
1006 3116 1139 3190 exsculp-

79 3210 111 3247 os
128 3210 210 3247 suam
234 3192 287 3256 (id
306 3194 383 3246 enim
397 3194 522 3261 κρίσεως
538 3191 580 3243 in·
616 3198 728 3246 serunt.
756 3191 889 3245 Attamen
913 3186 1017 3243 exscul
1038 3191 1142 3241 serunt

59 3207 215 3333 dituendae
231 3262 331 3318 cauffo,
347 3260 519 3328 adjicimus)
548 3277 581 3311 ex
616 3258 753 3312 exhibent
767 3258 851 3313 Leid.
870 3257 949 3313 Voti.
967 3256 1000 3308 Α.
1017 3206 1054 3308 ii.
1072 3251 1138 3320 [hx.

10 3332 12 3337 '
60 3331 173 3385 Graeco
204 3347 294 3384 versu
327 3328 429 3383 itidem
461 3327 580 3401 egregio
616 3328 671 3380 Gn.
690 3324 835 3395 Ultsed]
853 3325 932 3382 Voll.
952 3324 983 3378 C.
1002 3320 1138 3398 expulse-
1237 3378 1241 3391 1

58 3395 256 3469 (Thucydidis
274 3399 338 3453 Lib.
360 3417 380 3452 1.
403 3416 465 3470 cap.
488 3398 560 3462 xia.)
616 3402 696 3449 runt.

133 3472 137 3477 “
526 3529 528 3533 ⁴
650 3467 752 3535 Neque
766 3461 852 3518 aliud
866 3463 1003 3533 scripscr.
1014 3456 1140 3527 etc.]ld·
1209 3466 1211 3471 '

85 3532 460 3606 Ehhriaaudaxtppo'siaci
472 3532 580 3602 spatdv
609 3549 671 3604 ¹que
693 3551 726 3585 ex
744 3532 838 3585 veteri
862 3530 991 3583 instituto
1014 3528 1142 3582 Gracco-

125 3599 223 3670 ᾦλεσε
233 3603 347 3674 Μήδων
614 3619 698 3669 rum3
719 3598 799 3672 quod
813 3597 919 3672 posteri
938 3597 1025 3650 duces
1036 3612 1069 3648 ex
1079 3613 1139 3647 am.

87 3671 276 3735 Παυσανίας,
297 3672 404 3740 Φοίβῳ
421 3666 579 3739 μνῆμ’ἀνὲ-
612 3668 730 3723 bitione
749 3677 915 3726 mutarunt,
945 3676 974 3720 ct
989 3663 1073 3730 hujus
1094 3664 1140 3717 rei
1193 3704 1199 3735 p

121 3742 199 3806 Sana
216 3741 295 3796 adds.
615 3737 739 3809 gloriam
771 3734 808 3788 ad
833 3752 862 3788 se
887 3731 1078 3795 (irritarunt,
1107 3743 1142 3784 ut

179 3808 184 3815 “
615 3815 719 3859 auctor
745 3803 781 3856 eit
805 3801 1009 3856 Demosthenes
1032 3798 1085 3854 Or.
1104 3798 1141 3856 da

55 3874 228 3932 Boeclerus.
246 3878 324 3933 Votr.
335 3879 369 3930 Β.
391 3877 424 3931 in
438 3892 495 3948 quo
506 3874 581 3930 haec
615 3892 677 3946 rep.
688 3870 760 3929 ord.
770 3873 945 3926 Loeecnius.
965 3869 1139 3950 Ethocpru-

56 3946 207 4002 sententia
227 3953 300 4002 erat.
338 3948 394 4009 [ut
416 3945 493 3998 infra
510 3944 579 3997 Dio.
615 3939 729 4006 denter,
750 3941 773 3994 si
791 3940 960 3993 consulatur
974 3936 1139 3992 dehaevtc·

54 4016 127 4079 Μ.
154 4013 252 4068 Codex
280 4016 336 4068 Gu.
360 4014 393 4068 in
418 4031 475 4086 quo
505 4011 581 4068 haec
614 4009 778 4063 toriaPlut.
798 4008 829 4059 in
844 4005 1138 4080 Aristideapag.3a7.

55 4079 321 4148 atramentarium]
415 4081 416 4085 ’
613 4077 649 4131 ad
668 4079 729 4133 332.
1022 4090 1025 4095 ·

104 4147 365 4227 Exscaipscruut]
404 4147 453 4205 Sic
478 4162 578 4203 omnes
649 4144 862 4220 Scripseram]
881 4142 1139 4214 Forterescripse·
