2594 4644
76 328 179 407 xo
376 260 956 376 ·rnanrar1a.

139 525 424 615 nominabimus,
449 523 708 598 benevolentia
717 549 795 597 non
809 524 928 597 solum
938 502 1228 624 praestantissimi

142 647 462 748 Guelpherhytani
486 647 628 721 codicis
644 647 762 720 varias
786 647 964 749 lectiones
986 664 1023 717 et
1042 645 1227 718 3331313-

51 784 55 792 '
139 771 281 846 riorum
302 771 521 868 auctoritate
543 771 814 861 Axeuianarum
835 756 1129 843 membranarum
1148 771 1227 858 col-

63 972 65 976 ,
139 893 335 987 lationem,
373 922 410 969 -3
431 895 599 971 Moschio
625 896 740 968 multo
764 893 997 982 accuratius,
1045 920 1156 993 quam
1179 872 1237 966 ab*

139 1022 364 1118 chfingero
379 1019 521 1099 factum
537 1037 640 1109 erat,
665 1019 869 1117 evulgatam
882 1072 894 1108 ,
921 1017 986 1092 sed
998 1019 1109 1091 etiam
1120 1038 1227 1123 praef

16 1239 22 1259 „
94 1153 118 1250 ξ
139 1161 197 1218 ter
215 1146 391 1246 optimam
409 1122 694 1243 Ultrajeotinam
719 1142 920 1216 editionem
933 1143 1023 1215 alias
1044 1143 1228 1243 antiquio-

138 1294 199 1342 res
219 1269 428 1369 inspicere,
464 1268 594 1383 iisque„
612 1269 660 1363 ad
688 1258 919 1340 emendanda
936 1268 1097 1340 Cornelii
1118 1268 1229 1340 verba

138 1393 194 1464 uti
206 1390 316 1465 nobis'
327 1394 467 1467 liceret
520 1379 625 1464 Sed
608 1409 805 1491 antequam
821 1391 874 1463 ad'
882 1370 1122 1464 describenda
1135 1393 1227 1466 haee

103 1506 106 1513 ’
138 1503 297 1616 Nepotis
325 1492 484 1589 ornandi
510 1514 701 1605 subsidia,
720 1525 760 1588 et'
775 1543 837 1605 ea,
867 1542 961 1616 quae
984 1515 1130 1589 illorum
1155 1545 1226 1619 ope
1276 1549 1277 1552 ¹

109 1718 112 1725 ,
139 1666 209 1714 nos
238 1641 422 1741 praestare
448 1640 574 1714 conati
594 1641 727 1731 simus,
764 1626 972 1714 enarranda
993 1618 1225 1731 accedamus,
1292 1686 1294 1694 ›

139 1765 281 1837 nocelle
305 1764 373 1853 est,
410 1782 452 1836 ut
476 1764 521 1835 de
552 1764 774 1854 Codioihus,
818 1791 975 1865 quorum
1009 1766 1228 1839 auctoritate

122 1887 294 1989 Nepotis
323 1905 442 1962 textus
466 1914 490 1960 a
509 1889 609 1964 Viris
636 1892 767 1965 Doctis
789 1888 1002 1985 ¹constitutus
1026 1889 1075 1961 est
1088 1941 1100 1977 ‚
1127 1908 1164 1962 et
1180 1892 1226 1963 do

87 2016 92 2023 ’
135 2010 182 2091 iis
207 2011 450 2101 editionibus,
477 2038 573 2115 quae
592 2015 830 2118 praecipuam
846 1990 903 2086 vel
916 2014 1156 2103 correctionis
1169 2017 1226 2093 vol

137 2123 396 2239 explicationis
425 2137 572 2241 laudem
594 2139 753 2228 hahent,
793 2164 1031 2241 exponamus
1052 2138 1226 2241 Quam

62 2297 65 2304 ·
138 2285 180 2335 re
203 2289 314 2362 quum
335 2234 577 2348 Fischerum
567 2288 606 2335 m
626 2261 861 2336 Praefatione
873 2317 884 2353 ,
911 2291 1022 2367 quam
1043 2260 1224 2370 Harlesms
1288 2309 1291 2312 -

37 2414 38 2418 ¹
133 2374 263 2465 multis
284 2386 603 2462 observationibus
595 2385 882 2491 locupletavit,
919 2415 1014 2502 prae
1028 2407 1159 2464 ceteris
1171 2388 1225 2460 dt

137 2508 296 2609 ligenter
309 2532 344 2586 et
364 2486 610 2609 intelligenter
625 2511 804 2586 versatum
817 2514 905 2589 3113
896 2532 990 2586 mter
1002 2539 1127 2631 omnes
1136 2539 1224 2584 con·

123 2633 203 2717 ,stet
213 2688 224 2724 ‚
252 2637 351 2711 illius
370 2635 618 2711 Praefationis
638 2662 718 2710 eam
734 2657 896 2740 partem,
924 2639 963 2710 in
985 2624 1059 2749 qua
1072 2638 1117 2710 de
1136 2637 1225 2708 scri·

64 2813 66 2817 s
134 2759 210 2878 ptis
233 2761 421 2869 editisque
440 2760 613 2836 Cornelii
625 2760 729 2836 libris
753 2758 890 2860 agitur,
929 2761 982 2834 ita
1007 2760 1047 2832 13
1068 2760 1227 2836 nostram

134 2883 403 2962 transferemus
413 2942 425 2978 ,
457 2907 498 2994 ut
521 2888 726 3032 quaedam,
748 2915 825 2964 non
848 2887 936 2963 satis
955 2886 1056 2960 reete
1075 2885 1201 2958 tradit
1174 2903 1223 2975 ta,
1236 2893 1249 2991 ζ
1272 2900 1275 2904 ’

36 3050 40 3055 ·
138 2963 510 3105 einandemus,ol1a‚
538 3038 632 3113 quae
651 3012 812 3086 virorum
834 3011 980 3119 illorum
1001 2992 1226 3110 diligentiam

88 3161 91 3165 ·
137 3128 369 3241 effugerunt}
395 3136 622 3238 adjiciamus.

45 3339 48 3348 ,
114 3267 118 3272 ’
236 3244 391 3351 „Italiae
415 3259 670 3335 bibliothecas
678 3289 755 3335 non
766 3288 913 3363 repono
922 3260 1164 3367 suppeditallo
1180 3261 1228 3334 ad

93 3405 94 3409 ’
137 3384 388 3509 emendandas
406 3387 565 3488 Nepotis
585 3386 691 3462 Vitas
719 3388 874 3492 Codices
897 3387 1052 3489 scriptos
1074 3387 1226 3478 multos,

135 3514 286 3617 praeter
300 3535 392 3617 333,
420 3536 440 3584 3
460 3507 594 3611 quihus
611 3513 776 3623 primae
771 3513 917 3584 illarum
938 3512 1131 3633 editiones,
1145 3529 1226 3584 tan-

23 3648 24 3653 ’
137 3657 250 3736 quam
272 3634 340 3708 riti
366 3661 386 3709 e
410 3634 578 3709 fontibus
591 3690 603 3728 ,
651 3612 831 3712 deductae
860 3638 1023 3743 suerunt
1083 3636 1226 3746 Magius

39 3834 42 3840 ,
137 3758 312 3881 quidem,
346 3760 392 3835 de
410 3763 514 3866 cujus
536 3760 574 3832 in
593 3762 805 3842 Cornelium
826 3783 965 3843 meritis
979 3764 1113 3836 demde
1126 3763 1226 3837 dice

38 3887 40 3891 ’
101 3919 108 3982 3
135 3909 291 3995 muS,u
293 3882 351 3961 sus
379 3884 429 3960 est
456 3887 561 3969 libris
586 3886 732 3989 scriptis
757 3887 926 3991 duobusp
975 3917 1075 3980 uuo,
1118 3915 1228 3989 quem

99 4007 102 4010 ⁴
134 3987 412 4086 membraneum
436 4032 546 4087 vocat
577 4010 1229 4117 1),31(3(·3-,(3((3333311331113

136 4131 467 4157 Μ

155 4200 199 4271 1)
214 4198 401 4291 1111111331
420 4207 497 4300 4,·4.
517 4202 645 4266 Fischer
735 4216 740 4233 2
771 4228 775 4245 2
