2594 4644
29 319 173 365 ,svm
245 276 298 307 “·
408 273 870 353 r'rsrtnouu.
1151 364 1158 375 ⁵

96 406 1191 454 .-.l.........---—-——--———--—--·-

87 513 193 575 Maria
216 512 409 580 Cannaene,
442 501 672 571 commentario
693 500 728 560 in
749 497 851 558 Plinii
872 498 991 559 librum
1001 496 1058 560 tv.
1085 491 1177 578 episi.

23 682 26 693 ,
63 655 66 660 -
91 619 237 684 XXVlll.
257 635 347 699 quae·
360 613 400 673 ad
417 614 574 673 Severum
589 609 709 693 scripta
725 605 785 679 est,
808 606 906 666 etiam
914 601 1176 682 Dareteml’hry-
1195 625 1197 632 ·

93 712 181 808 glum
196 747 214 784 a
237 727 363 806 Nepote
381 715 568 782 translatum
585 717 769 805 arbitratur.
812 718 936 795 Nempe
952 709 1090 792 decepit
1104 726 1171 768 eum

36 852 41 866 ¹
69 846 71 853 ·
92 831 235 912 vulgaris
252 836 423 906 ἐπιγραφή.
460 830 609 886 Attamen
626 808 658 884 dt
672 823 726 919 hic
741 843 821 906 aqua
836 819 948 880 haeret
961 816 1104 889 Vincto‚
1119 834 1171 876 no·

94 934 138 995 tis
155 935 190 994 in
207 934 329 996 huson.
353 934 442 1014 ldyll.
459 934 528 996 Vll.
571 937 674 1014 Negat
692 930 774 1003 esse,
806 929 861 1012 qui
886 928 968 987 certi
990 921 1116 1006 aliquid
1137 919 1171 982 de

4 1038 9 1042 ⁵
54 1104 56 1111 λ
92 1041 302 1102 translatione
321 1041 381 1103 hac
395 1045 479 1102 ausit
497 1037 669 1101 affirmare.
712 1036 811 1119 Atqui
831 1053 965 1106 omnes,
993 1022 1113 1114 quibus
1129 1027 1173 1088 ul·
1222 1068 1225 1083 .

2 1133 14 1183 ·'
92 1147 160 1209 :um
175 1150 210 1208 tn
226 1141 685 1227 msoetosernjuaactumeo‚
707 1141 923 1232 rastsviaent,
945 1139 1176 1202 neauaretem

90 1253 185 1313 illum
203 1255 266 1319 esse
286 1253 480 1336 genuinum,
503 1271 564 1312 nec
581 1250 758 1310 dictionem
774 1249 842 1329 ejus
859 1244 1049 1331 Augustcam
1065 1242 1178 1327 sapere

94 1373 247 1432 aetatem,
271 1358 330 1418 sed
350 1358 568 1426 recentiorem
582 1358 693 1418 multo.
736 1362 896 1442 Nepotem
913 1359 1017 1415 autem
1035 1348 1190 1413 Caesaris

92 1462 225 1547 Augusti
244 1464 356 1526 obiisse
381 1484 479 1536 aevo,
502 1461 776 1525 Plinius'teslatur
791 1463 848 1522 lib.
865 1464 920 1522 IX.
940 1480 967 1521 c.
983 1459 1032 1539 3c.
1050 1454 1082 1518 es
1096 1457 1125 1517 1.·
1137 1455 1180 1516 X.

94 1592 124 1633 c.
143 1571 194 1632 2'3.
237 1571 428 1652 Atque·hoc
449 1570 579 1632 sortasse
603 1571 730 1654 impulit
751 1567 1013 1639 Genehrardum,
1037 1578 1072 1625 ut
1087 1576 1182 1646 puta·

94 1691 163 1750 ret,
186 1699 259 1738 eum
282 1691 356 1738 nato
375 1677 437 1757 jam
456 1675 579 1739 Chrislo
599 1674 800 1759 superstitem
818 1676 930 1748 fuisse,
954 1674 1063 1758 quiet
1084 1674 1182 1732 Jaco-

94 1783 170 1844 bum
190 1784 407 1858 Gualterium,
442 1805 514 1845 cum
536 1785 676 1867 primum
694 1782 817 1845 tabulas
848 1782 962 1844 ederet
981 1778 1183 1866 chronogra-

95 1889 224 1976 phicas,
247 1891 281 1949 in
297 1910 367 1951 eam
383 1890 570 1951 sententiam
588 1890 756 1972 pertraxit.
802 1889 867 1952 Sed
886 1893 1045 1971 Nepotem
1067 1888 1109 1944 eo
1126 1906 1185 1945 us-

96 2018 159 2081 que
182 2011 317 2074 aetatem
340 1998 548 2080 prorogasse,
584 2018 678 2058 nemo
698 2012 821 2058 temere
848 1995 985 2066 dixerit,
1020 1994 1075 2076 qui
1100 1991 1186 2053 tanti

96 2123 171 2164 eum
192 2103 226 2162 in
249 2102 367 2187 litteris
386 2105 525 2165 nominis
547 2103 610 2186 jam
630 2103 749 2176 Tullii,
772 2102 894 2176 Attici,
919 2101 1034 2164 Catulli
1052 2113 1187 2185 tempo-

95 2210 189 2272 ribus
205 2209 297 2271 suisse
312 2209 472 2298 cogitarit.

284 2444 488 2515 unaue.
535 2443 991 2538 uteon.,r1rztus
1193 2461 1201 2508 l

231 2588 396 2653 introduct.
426 2594 459 2653 de
501 2596 586 2655 son.
625 2592 726 2671 Nepet.
767 2593 826 2648 vica
862 2610 889 2649 et
908 2589 1042 2671 scriptis.

179 2748 317 2810 Codices
336 2735 562 2832 editionesquc
587 2748 626 2807 ad
651 2746 736 2806 hunc
756 2746 843 2806 diem
862 2736 973 2806 omnes
998 2746 1119 2806 seriem
1135 2746 1187 2808 vi-

20 2902 22 2906 .
98 2865 203 2913 tarum
222 2832 437 2925 cslribuerunt
456 2877 542 2927 eam,
572 2844 607 2914 ut
625 2876 651 2912 1.
671 2852 749 2912 esset
765 2852 831 2912 vita
848 2851 1024 2913 Miltiadis:
1054 2853 1188 2914 mThe·

99 2956 269 3021 missoclis:
300 2961 330 3022 3.
348 2960 517 3022 Aristidis:
554 2969 584 3033 4.
602 2957 793 3019 Pausaniae:
833 2958 865 3019 5.
880 2959 1039 3020 Cimonis:
1071 2956 1102 3021 6.
1122 2963 1210 3042 Ly..

100 3064 227 3127 saudri:
249 3085 279 3143 7.
299 3066 494 3128 Alcibiadis:
516 3069 546 3128 8.
566 3065 773 3146 Thrasybuli:
803 3085 832 3146 o.
849 3066 1009 3127 Cononis:
1045 3067 1186 3128 to.Dio-

98 3171 168 3233 nis:
203 3194 249 3231 n.
269 3171 458 3253 Iphicratis:
500 3185 547 3231 12.
569 3173 745 3234 Chabriae:
780 3173 1017 3234 13.Timothei:
1052 3181 1099 3245 rs.
1118 3174 1186 3234 Da·

98 3277 214 3359 tarnis:
263 3279 310 3340 15.
330 3278 590 3367 Epaminondae:
632 3280 680 3342 tlt.
696 3279 894 3363 Pelopidae:
945 3292 992 3359 ¹7·
1019 3280 1187 3364 Agesilai:

102 3383 151 3444 aa.
170 3362 344 3447 Eumenis:
384 3403 431 3466 tq.
449 3386 643 3448 Phocionis:
682 3407 732 3448 ao.
751 3387 979 3448 Timoleontis.
1023 3391 1107 3448 Tum
1132 3408 1186 3448 se·

61 3503 69 3551 g
100 3488 259 3572 'quebatur
273 3491 383 3554 brevis
401 3493 456 3552 illa
470 3491 510 3552 de
527 3495 671 3578 Regibus
692 3493 864 3578 expositio,
893 3497 945 3556 cui
965 3496 1109 3557 editores
1125 3516 1187 3554 nu-

50 3682 55 3691 „
101 3615 295 3679 merum-21.
315 3597 550 3681 imposuerunt,
574 3602 648 3684 quia
672 3622 712 3661 ex
735 3600 925 3682 quibusdam
949 3604 983 3662 in
1007 3623 1045 3663 ea
1068 3582 1186 3663 occur-

25 3790 27 3794 Α
101 3703 249 3764 rentibus
268 3703 379 3765 verbis
400 3726 469 3790 cap.
485 3730 511 3767 1.
532 3709 654 3769 init.·et
671 3727 740 3790 cap.
761 3707 791 3768 3.
814 3728 841 3768 c.
870 3705 925 3768 sin.
948 3711 1183 3791 conjectarunt,

102 3807 184 3870 hanc
210 3823 335 3893 partem
359 3812 422 3875 esse
450 3811 594 3895 synopfin
615 3812 748 3891 alicujus
774 3813 870 3889 libri,
894 3837 990 3898 quem
1014 3822 1125 3900 Nepos
1142 3814 1184 3877 de

101 3915 248 3998 Regibus
278 3931 331 3978 aut
357 3918 555 4002 separatim,
598 3921 706 4003 autin
729 3921 1018 3986 Virisillustrihus
1053 3921 1185 3986 fecerit.

22 4011 25 4015 ¹
102 4022 269 4107 Deinceps
282 4023 442 4088 dederunt
458 4028 637 4112 praeposito
649 4009 783 4092 numero
794 4049 843 4090 aa.
865 4032 962 4092 vitam
977 4031 1184 4104 Hamilcaris,
1201 4039 1214 4052 ⁶

104 4145 139 4195 et
154 4131 283 4194 tandem
300 4119 352 4196 nd.
373 4133 447 4195 loco
464 4135 673 4209 Hannibalis,
697 4157 761 4223 quo
777 4137 897 4201 librum
915 4137 1101 4202 finiverunt.
