2594 4644
340 1054 976 1210 atneanrlo'

215 1317 510 1458 raquo
582 1357 988 1439 urerent
1108 1406 1147 1425 -

334 1513 908 1606 sutorem*

892 1604 900 1635 i

450 1701 454 1718 ι
517 1715 725 1736 m

170 1937 292 2035 Quum
301 1933 461 2026 librarii,
490 1928 647 2039 qu'orum
659 1938 839 2013 sumtibus
852 1924 950 2009 nova
964 1936 1057 2011 haec
1069 1929 1176 2032 Cor·¹

74 2057 158 2129 nelii
176 2059 333 2162 Nepotis
350 2059 463 2133 editio
483 2090 618 2138 excusa
633 2064 702 2155 est,
730 2063 844 2135 totius
863 2062 1059 2135 reicuram
1071 2057 1163 2130 mihi
1256 2070 1259 2081 '

76 2183 367 2274 demandaffent,
398 2185 554 2286 meque,
591 2178 700 2289 queni
720 2158 1164 2291 oontimratomultorum
1211 2248 1214 2257 ,
1260 2264 1263 2269 ,

75 2331 253 2380 annorum
265 2306 384 2384 studio
405 2311 444 2382 in
460 2315 655 2387 tractando
676 2317 750 2388 hoe
770 2289 962 2415 Seriptore
982 2301 1164 2384 uersatum

78 2432 143 2503 effe
172 2453 374 2524 noverant,
415 2435 598 2537 rogaffent
610 2490 622 2526 ,
658 2456 699 2510 ut
723 2416 939 2513 Stareriano
963 2430 1166 2533 exemplari

75 2558 213 2657 aliquid
237 2584 354 2631 norae
383 2560 441 2632 vel
473 2563 741 2637 emendationis
767 2558 825 2636 rel
845 2541 1165 2662 interpretationis
1221 2580 1223 2584 ⁴

77 2683 273 2782 adjicerem
281 2737 293 2782 ³.
329 2711 450 2785 neque
479 2713 547 2786 ego
579 2689 748 2760 alienum·
766 2714 824 2760 me
850 2686 897 2758 ab
921 2664 995 2758 hoo
1011 2680 1165 2780 negotio
1246 2700 1251 2711 “

78 2806 301 2899 ostendiffem
312 2861 324 2897 ,
371 2828 456 2884 ante
479 2812 602 2895 omnia
626 2815 665 2901 id
684 2813 774 2885 mihi
797 2799 980 2915 agendum
1003 2806 1073 2879 effe
1096 2832 1205 2912 pus*
1261 2821 1264 2826 '

75 2932 145 3002 tari
154 2985 166 3021 ,
199 2951 241 3005 ut
257 2934 402 3033 singula
424 2928 598 3012 Auctoris
610 2938 722 3012 rerba
737 2938 784 3010 ad
802 2923 1040 3039 antiquorum
1050 2927 1168 3035 libroj·
1216 2912 1223 2927 ⁸

77 3084 177 3147 rum,
215 3076 253 3130 et
271 3040 496 3162 scriptorum
520 3082 558 3137 et
579 3062 784 3150 editorum,
811 3059 940 3145 fidem,
967 3082 989 3127 a
1014 3079 1088 3154 qua
1108 3048 1168 3123 ni·
1207 3141 1209 3145 Ι

75 3181 186 3255 mium
213 3209 323 3283 saepe
354 3186 546 3260 disceffum
576 3188 646 3260 effe
672 3187 861 3274 ridebam,
888 3176 1165 3287 ac'euratii'fimer
1266 3179 1269 3185 ¹

76 3307 202 3406 quoad
227 3310 307 3408 ejus
322 3309 408 3391 [fieri
423 3311 563 3412 postet,
591 3312 781 3412 exigerem.
833 3289 1061 3408 Itaquenon
1076 3327 1168 3413 conj

74 3447 198 3506 tentus
218 3433 262 3506 iis
284 3435 426 3535 copiis,
455 3463 547 3537 quas
558 3413 576 3527 ,Ι
591 3463 821 3541 quamquam
838 3428 1052 3537 largiffimas
1066 3416 1165 3529 illas,
1211 3440 1212 3444 ’

75 3557 230 3629 Bofiana
248 3561 406 3661 Nepotis
429 3561 543 3636 editio
553 3604 568 3653 ,·
591 3534 792 3639 aFisciiero
810 3577 847 3632 et
861 3553 1024 3655 Harlefio
1044 3568 1167 3640 aucta,
1214 3591 1217 3601 ·

74 3668 311 3784 suppeditat,
339 3686 412 3758 alia
436 3687 547 3766 etiam
568 3688 731 3763 Cornelii
754 3681 995 3784 exemplaria,
1031 3678 1071 3750 in
1089 3675 1168 3778 pri-

75 3805 142 3879 mis
153 3833 198 3880 ea
205 3861 217 3897 ,
245 3835 341 3909 quae
357 3829 442 3884 ante
458 3840 631 3910 magnum
643 3830 861 3897 novatorem
874 3782 1095 3883 Lanihinum
1106 3827 1168 3873 er·

77 3931 163 4003 rufa
193 3933 329 4024 effent,
381 3938 604 4037 conquirere
627 3939 746 4040 coepi.
799 3938 923 4035 Atque
945 3929 1008 4003 hio
1031 3952 1076 4001 ea
1098 3950 1167 3997 no·

75 4052 133 4130 bis
166 4055 326 4139 felicitas
356 4048 518 4162 obtigit,
551 4080 593 4136 ut
617 4061 746 4160 insigni
769 4059 1058 4134 doctiffimorum
1079 4048 1169 4124 ami·

78 4181 370 4290 ciffimorumque
386 4187 570 4281 virorum,
598 4212 757 4290 quorum
781 4211 850 4260 suo
875 4205 1063 4290 quemque
1077 4177 1172 4261 1000ss
1291 4254 1293 4259 ,

635 4313 659 4363 a
