2594 4644
162 311 272 358 ιιιιιιι
365 340 368 345 .
479 282 943 376 ΕΕΘΤΙΜΟΝῙΑ.
1048 375 1057 402 x

173 395 1290 451 ...m-..Q

166 504 274 568 nelius
293 511 425 591 Nepos,
448 523 481 572 et
490 510 583 593 prius
599 470 723 571 Elnnius
740 511 942 593 Acciusque,
973 529 1038 569 non
1060 509 1192 590 quidem
1210 507 1290 571 hi

129 704 133 717 Ι
168 627 355 690 senatores,
380 615 439 680 sed
460 617 610 679 sanctitas
627 637 753 678 morum
771 636 836 677 nou
855 611 944 678 distat
962 615 1144 678 ordinibus.

431 818 473 871 3
522 747 566 842 l.
618 767 936 844 cunutus

355 892 427 946 ιιιι.
447 893 525 947 xv:
541 892 654 946 noer.
672 882 797 945 armo.
821 888 904 944 cte.
921 888 1053 946 xxvm.
1159 876 1165 883 “

221 1026 223 1037 ·
248 985 420 1046 Cornelius
435 989 545 1068 Nepos
563 998 595 1045 et
611 1005 718 1046 rerum
736 984 910 1045 memoriae
928 1004 993 1045 non
1009 983 1199 1068 indiligens,
1214 997 1260 1048 et

166 1089 211 1150 Μ.
232 1087 418 1165 Ciceronis,
440 1105 476 1152 ut
493 1091 549 1177 qui
565 1092 719 1164 maxime,
747 1091 867 1150 amicus
880 1089 1116 1174 familiarisque
1131 1089 1205 1154 snit.

215 1240 259 1339 Q.
285 1242 541 1329 SEPTIMIUS
566 1243 790 1331 FLORENS
815 1242 1191 1317 TERTULLIANUS

147 1343 149 1347 ’
407 1362 478 1417 ms.
498 1363 535 1417 11.
552 1336 611 1418 -ιιι
626 1362 816 1419 annonas
844 1363 924 1418 cae.
940 1361 1004 1417 ιιι.
1033 1362 1036 1367 ·

245 1452 351 1518 Exstat
376 1455 460 1540 apud
484 1459 609 1520 litteras
629 1455 993 1542 vestrasusquequaque
1018 1457 1149 1526 Saturni
1169 1480 1241 1521 cen·
1288 1452 1290 1457 ’

167 1581 233 1624 sus.
277 1563 429 1646 Legimus
457 1563 542 1651 apud
572 1563 706 1652 Casium
732 1565 912 1636 Severum,
946 1562 1029 1648 apud
1055 1564 1241 1643 Cornelios,

165 1671 325 1773 Nepotem
338 1683 371 1731 et
389 1672 551 1748 Tacitum,
573 1644 660 1757 apud
678 1671 821 1731 Graecos
837 1691 986 1773 quoque,
1007 1668 1243 1755 Deodorum,*)

168 1775 361 1862 --quique
384 1780 439 1843 alii
453 1780 677 1864 antiquitatum
693 1796 788 1839 canos
809 1777 1021 1859 collegerunt.

374 1911 402 1978 t)
415 1883 465 1965 Sic
479 1909 537 1966 Ms.
550 1907 716 1985 Agoherdi,
732 1906 811 1962 unde
826 1906 884 1963 ho‘s
894 1906 989 1963 libros
1003 1908 1030 1964 J
1045 1906 1247 1964 Gothofredut
1260 1968 1263 1979 ,

408 2004 527 2061 edidit..
546 2003 636 2060 Sede
657 2003 759 2057 verbis
785 2001 977 2068 Tertulliani,
995 2002 1118 2057 Minucii
1134 2012 1166 2056 et
1176 2001 1248 2055 Lac.

406 2082 509 2165 tantii,
528 2113 601 2169 quae
615 2096 662 2149 hic
675 2095 809 2170 proxime
815 2104 987 2168 sequuntur,
1004 2093 1251 2175 patetlegeudum

401 2190 479 2244 else:
499 2186 663 2244 Diodorum
680 2195 709 2244 et
725 2185 880 2245 Thallum.
905 2187 983 2242 Male
996 2198 1093 2242 autem
1108 2168 1251 2273 nuperri'.

408 2298 472 2336 mus
473 2273 605 2348 editor,
620 2281 696 2335 Phil
714 2282 848 2341 Priorius
857 2316 878 2351 ,
884 2283 986 2337 lacuna
994 2299 1030 2335 ea
1044 2281 1178 2355 neglecta
1187 2279 1253 2337 edi·

406 2373 466 2470 dite
485 2372 668 2432 Diodorum
673 2376 757 2449 quiue
771 2375 838 2432 altr·
855 2376 999 2431 Bosius.

323 2464 474 2584 mutu
494 2515 537 2575 IN
557 2511 868 2577 APOLOGETICO
892 2508 985 2575 CAP.
1004 2512 1045 2573 X.

248 2574 439 2692 Saturnum,
470 2631 623 2702 quantum
644 2620 776 2682 litterae·
791 2618 926 2693 docent,
956 2639 1062 2703 neque
1078 2613 1252 2679 Diodorus

166 2725 312 2787 Graecus
331 2739 385 2788 aut
402 2724 551 2801 Thallus,
574 2746 680 2809 neque
701 2722 820 2785 castus
844 2723 1035 2805 Severusl')
1058 2725 1252 2785 autCorne-

158 2831 229 2907 ¹lius
247 2837 375 2916 Nepos,
405 2825 511 2918 neque
529 2832 614 2895 ullus
640 2818 1093 2911 commentator2eiuscemodi
1106 2828 1251 2913 antiqui-

164 2951 286 3031 tatum,
312 2940 400 3001 aliud
417 2962 531 3024 quam
528 2937 692 3009 hominem
707 2938 1032 3023 promulgarunt

175 3118 177 3123 .
376 3072 413 3138 l)
436 3068 657 3127 Seuerinomen
675 3068 734 3123 ab
726 3068 863 3149 imperito
877 3069 1003 3125 librario
1018 3066 1088 3132 elie,
1109 3067 1248 3123 Gellium·

181 3186 189 3196 ·’
287 3223 290 3227 ,
408 3182 465 3240 que
478 3165 629 3218 Heminam
638 3159 763 3232 intelligi
772 3161 834 3216 vult
845 3160 959 3219 Volliut
969 3161 1140 3217 dehtstorrc
1147 3140 1268 3216 Latin.

412 3274 436 3325 1,
452 3275 494 3313 cr.
513 3256 689 3328 suffragante
701 3256 759 3310 Jac
780 3255 926 3310 Ouzelio
919 3274 948 3308 ιιι
964 3256 1125 3311 comment
1140 3253 1177 3308 ad
1190 3253 1248 3309 M..

407 3368 474 3404 nuc.
493 3349 554 3403 Fcl.
567 3365 635 3424 pag.
652 3350 710 3404 132.
742 3349 869 3403 Omnino
885 3348 978 3415 enim,
997 3349 1047 3421 qni
1065 3347 1100 3401 ‹le
1117 3347 1254 3422 Saturno¹

409 3441 481 3498 iliud
499 3440 634 3514 scripsit,
661 3443 715 3494 else
733 3439 852 3495 Gallium
872 3439 1044 3508 Heminam,
1068 3440 1178 3514 quippe
1194 3436 1245 3513 qui

408 3526 556 3591 historiam
576 3546 655 3589 suam
677 3532 758 3589 orsus
778 3532 868 3586 fuerit
886 3548 901 3586 a
921 3533 1028 3605 priscis
1043 3534 1185 3589 Italorum
1200 3544 1263 3586 rm·

308 3648 312 3655 ·
403 3622 471 3684 bus.
497 3631 535 3685 Et
551 3626 723 3684 credibilius
735 3624 809 3693 elic,
829 3625 929 3682 Severi
944 3645 1051 3682 nomen
1065 3625 1148 3682 inille
1164 3622 1245 3680 addi.

405 3730 484 3789 tun,
501 3704 589 3797 uuam
605 3720 819 3799 Tertullianum
831 3723 991 3776 memoriae
1005 3718 1088 3793 lapsu
1096 3718 1246 3773 duoseas-

408 3815 467 3871 sios
481 3816 650 3873 confudilie.
686 3814 847 3894 Minucium
862 3831 980 3888 quoque
992 3813 1054 3867 Fel.
1070 3812 1121 3885 qui
1128 3804 1245 3864 ¹Tertul-

404 3908 514 3965 lienum
532 3906 697 3982 exscripsit,
729 3910 757 3960 et
769 3907 948 3962 Lactantium
964 3905 1068 3962 Seueri
1083 3917 1246 3978 cognomen
1266 3973 1276 3983 ·

407 3995 556 4055 omittere.
579 4003 691 4057 Verum
703 4000 774 4052 haec
788 4001 860 4052 tanti
874 4009 1028 4064 nunaunt,
1047 4008 1245 4071 utproptereo

406 4108 512 4148 nomen
522 4091 623 4150 Severi
637 4087 858 4166 expungendum
873 4091 919 4144 sit.
945 4090 1055 4163 hapsus
1070 4078 1244 4155 cialihime,
1279 4079 1281 4083 ’

405 4185 501 4243 moria
514 4186 712 4243 Tertullianus
727 4184 776 4241 eli.
807 4178 980 4260 cognomen
999 4195 1097 4244 autem
1120 4183 1245 4260 omisere
