2594 4644
409 65 919 219 rn‘s'rrn'ortn‘A¹
1002 71 1009 76 ”
1098 138 1161 185 em-

36 389 39 393 ,
140 333 214 393 Jam
230 347 312 391 vero
328 325 383 389 hic
402 326 510 410 primo
529 325 769 386 intuitunonne
779 319 1088 406 unicuiquemirum
1101 329 1150 392 ri.

57 436 134 502 deri
150 436 309 509 debebat,
336 433 416 519 quid
436 434 500 497 sihi
511 431 583 496 rita
600 427 762 501 Datamis,
782 426 937 506 farnffimi-
952 439 1069 497 ameriam
1083 435 1151 500 bar.

55 531 326 624 ὄινοιιιιηιιιεερτιί
353 541 520 602 Hamilcare
530 557 558 599 et
581 534 762 609 Hannibale,
790 551 825 598 ut
843 538 954 600 verbis
973 539 1074 639 ipsius
1088 545 1155 606 Ne·
1166 583 1168 586 -

58 647 147 734 potis
163 663 266 725 utar,
277 671 382 733 paene
406 650 441 709 in
460 644 568 711 medio
586 644 682 716 libri,
710 643 798 726 inter
818 646 901 708 vitas
918 645 1035 710 ducum
1051 635 1154 718 Grae-

60 770 208 831 corum,
216 755 341 818 vellet?
385 755 489 851 Quid,
525 750 630 835 quod·
637 755 751 833 Nepos
768 749 893 834 postea,
925 753 1033 815 avita
1044 756 1155 818 Timo·

10 846 15 859 ¹
59 861 183 923 leontis
199 861 456 944 transgressurus
478 859 529 920 ad
541 858 639 921 duces
654 857 884 939 barbarorum,
915 858 1009 921 initio
1028 861 1154 925 succin-

10 998 12 1005 ·
62 968 243 1052 ιιιιιε11111ιιι
257 967 305 1028 de
320 965 467 1048 Regibus
486 963 816 1039 commemorationis,
846 979 1010 1049 peractam
1033 989 1073 1030 eo
1097 992 1154 1032 us.
1175 1032 1177 1042 Ι

10 1082 16 1155 i
63 1096 126 1158 que
145 1075 225 1136 libri
240 1071 366 1156 partem
386 1071 564 1155 respiciens
582 1072 646 1133 ait:
669 1072 710 1130 Hi
724 1072 790 1152 fere
799 1069 921 1164 fueruat
940 1071 1072 1148 Graeciae
1083 1052 1155 1158 gen,

10 1170 16 1267 ξ
62 1186 98 1241 ais
113 1181 216 1255 dacer,
236 1183 424 1262 parmeniano
440 1180 516 1261 digai
525 1179 698 1244 rimbertum
720 1182 852 1261 Ergone
866 1181 1050 1254 Datamem,
1063 1183 1153 1266 quod
1229 1194 1230 1197 ’

10 1276 14 1309 ³
61 1286 160 1349 vitam
188 1286 257 1366 ejus
288 1286 323 1345 in
345 1285 455 1348 medio
475 1285 591 1348 horum
613 1287 793 1360 cernimus,
816 1288 852 1347 in
869 1287 1025 1352 Graeciae
1043 1289 1157 1370 gentis·
1242 1280 1257 1295 ‘

10 1316 21 1465 1
63 1389 201 1455 ducibus
218 1392 360 1474 hahuit?
399 1394 482 1489 Quis
499 1394 562 1455 hoc
580 1393 708 1469 credat,
732 1393 887 1477 cumipse
904 1412 993 1470 eum,
1016 1396 1167 1459 uiridi-v
1223 1459 1224 1462 ,

10 1468 14 1533 1
46 1497 153 1574 'mus,
167 1498 325 1560 ‘barbarum
346 1500 491 1565 dixerit?
592 1548 593 1552 ,
610 1547 611 1550 ,

148 1675 216 1738 Sed
244 1675 331 1756 ajunt
355 1656 518 1738 editores:
552 1677 660 1740 evenit
682 1676 744 1739 hoc
769 1674 1030 1762 chronologia,
1020 1704 1055 1741 ιιι
1071 1663 1149 1744 ritis

62 1779 130 1845 istis
153 1782 342 1845 ordinandis
361 1782 504 1855 servata,
533 1799 567 1846 ut
584 1788 734 1868 Datames
754 1806 827 1846 eum
849 1787 956 1845 locum
976 1786 1150 1879 obtineret.
1166 1847 1177 1860 ,

62 1887 186 1952 Audit.
211 1889 270 1952 At
294 1911 379 1950 nunc
406 1911 542 1980 quaero·
566 1869 651 1953 unde
674 1883 769 1952 nobis
789 1890 844 1952 ista
863 1891 903 1952 ad
921 1873 1152 1977 chronologiae

61 1997 158 2080 leges
178 1997 263 2058 facta
286 1997 425 2059 vitarum
446 1995 631 2058 ordinatio?
659 1987 754 2060 Estne
774 1999 812 2059 ab
833 2013 963 2062 auctore
981 1998 1050 2082 ipso
1065 1997 1154 2061 insti·

59 2101 155 2163 tuta?
195 2102 701 2198 Quid,s1hncnega1eaus1m?
733 2104 836 2200 Quid,
861 2107 888 2166 si
911 2106 998 2167 hanc
1007 2123 1154 2195 negatio
1205 2164 1208 2177 ,

56 2231 140 2271 nem
150 2225 367 2294 argumentis
391 2232 430 2271 ex
441 2210 541 2295 ipsius
561 2212 670 2295 operis
682 2211 937 2274 conformatione
951 2215 1074 2297 petitis,
1098 2215 1153 2276 ad·
1197 2270 1200 2279 .

57 2310 181 2377 struem
197 2330 292 2398 atque
311 2314 500 2383 sustineam?
542 2316 630 2399 Age,
653 2315 716 2377 hoc
736 2317 968 2401 experiamur!
1039 2331 1041 2335 ’

151 2492 229 2552 Cum
256 2497 405 2552 accurato
426 2505 458 2552 et
485 2490 593 2552 sobrio
616 2490 776 2574 scriptore
801 2512 855 2552 res
870 2467 966 2552 nohis
986 2491 1039 2553 est.
1081 2498 1155 2557 Non

40 2576 150 2686 'solet
167 2597 239 2659 talis
265 2598 299 2657 in
322 2597 534 2658 adornatione
554 2597 693 2680 partium
713 2597 807 2658 uniu's
831 2609 926 2679 atque
944 2588 1088 2677 ejusdem
1104 2600 1154 2661 hi-

61 2700 176 2764 florici
193 2705 303 2786 operis
320 2717 337 2764 a
357 2704 453 2786 genio
477 2703 577 2765 totius
604 2684 798 2775 deflectere,
830 2715 863 2762 et
881 2701 986 2764 secum
997 2709 1155 2790 pugnare}v
1228 2689 1230 2693 Ι

60 2809 142 2903 Quo
164 2810 244 2871 vitio
260 2810 314 2871 hic
331 2811 416 2872 liber
435 2831 475 2870 ex
491 2824 622 2893 recepta
638 2810 776 2871 vitarum
794 2808 996 2871 ordinatione
1017 2811 1087 2874 sine
1098 2811 1157 2907 (1υῇ
1257 2797 1278 2837 “’

64 2913 124 2975 hio
144 2915 283 2989 laborat,
307 2931 341 2979 ut
363 2921 485 2987 mirum¹
510 2918 571 2991 sit,
602 2917 763 2978 neminem
786 2916 948 2978 editorum
972 2915 1035 2978 hoc
1054 2913 1158 2979 adhuc
1181 2959 1182 2963 =

67 3021 147 3083 satis
162 3022 432 3086 animadvertisse
476 3023 741 3107 Consideremus,
773 3024 801 3084 si
819 3026 944 3106 placet,
966 3025 1055 3085 illam
1078 3045 1157 3108 ope-

65 3126 115 3186 ris
135 3128 345 3208 particulam,
371 3140 452 3216 quae
471 3131 604 3195 inscribi
624 3131 705 3193 solet
721 3132 754 3191 de
771 3131 898 3214 Regibus.
917 3193 918 3197 ,
941 3130 1046 3225 Quem
1071 3131 1160 3192 ordi-

64 3253 159 3305 nem,
183 3237 321 3318 quaeso,
338 3237 377 3303 :in
401 3239 611 3300 recensendis
628 3238 774 3321 Regibus
792 3250 905 3300 auctor
924 3236 978 3298 hic
996 3236 1160 3299 instituit?

64 3344 184 3403 Nonne
200 3340 347 3417 videmus
365 3345 456 3406 illum
476 3361 600 3414 certum
619 3345 776 3430 quendam
798 3349 920 3426 gentium
940 3344 1089 3404 ordinem
1109 3365 1161 3404 se·

64 3449 142 3532 qni,
166 3446 262 3532 atque'
278 3451 322 3510 ita
343 3451 540 3534 singularum
560 3453 704 3536 gentium
721 3452 858 3512 eximios
875 3454 985 3534 Reges
1003 3465 1161 3535 perpetua

66 3556 156 3617 serie
171 3557 343 3639 prosequi,
367 3560 511 3642 nulla'ex
529 3559 600 3620 aliis
620 3559 838 3643 permixtione
859 3557 1009 3620 admissa?
1033 3560 1087 3620 Sic
1097 3558 1160 3642 igiss

62 3674 118 3723 tur
136 3664 281 3745 gentium
298 3666 403 3748 prima
430 3665 479 3726 1111
503 3679 700 3750 memoratur
717 3666 880 3747 Persarum:
909 3688 950 3727 ex
971 3665 1030 3726 hac
1050 3669 1160 3749 Reges

65 3791 127 3831 una
149 3771 237 3833 serie
255 3772 427 3855 producit,
454 3777 581 3855 Cyrum,
603 3773 749 3847 Darium,
768 3771 930 3856 Hystaspis
947 3767 1060 3846 filium,
1076 3773 1180 3832 Xer·¹

64 3897 155 3953 xem,
179 3877 413 3962 Artaxerxem,
446 3880 499 3941 cui
528 3892 597 3940 erat
620 3894 869 3962 cognomentum
887 3880 1097 3956 Macrochir,
1129 3889 1162 3939 et
1268 3949 1272 3953 ,

66 3983 280 4077 Artaxerxem
297 3987 491 4070 cognomine
506 3991 686 4067 Mnemona.
731 3991 812 4051 Tum
835 3983 980 4070 sequitur
998 4004 1079 4069 gens
1091 3986 1161 4045 Ma·
1244 4036 1250 4040 .
1290 3979 1294 3994 '
