2594 4644
160 307 274 369 oxu!
478 253 937 371 rsss'rlnouls.

165 414 1244 447 mm

243 506 345 587 lgitur
359 500 645 586 probabilissimum
661 502 723 584 jam
738 503 859 574 habeo,
883 510 1049 564 auctorem
1059 503 1204 592 nclitum
1210 506 1246 567 in

74 596 78 605 ⁵
159 612 238 675 vitis
259 613 488 701 imperatorum
512 610 713 693 exponendis
729 609 894 670 civitatum
911 608 1070 693 quendam
1097 609 1247 674 ordinm

160 718 311 779 servasse.
353 719 396 778 Et
419 716 518 799 primi
542 715 673 799 quidem
698 715 902 798 ponebantur
925 717 974 777 illi
1003 716 1253 801 Athehiensiuff

160 823 261 885 duces
283 838 441 908 perpetua
465 818 570 884 serie:
591 821 775 895 Miltiades,
799 821 1050 898 Themistocles,
1074 823 1247 898 Aristides,

160 930 293 1012 Cimon,
316 929 520 1002 Alcibiades,
544 928 775 1010 Thrasybulus,
797 926 923 1003 Conon,
946 930 1141 1013 Iphicrates,
1164 932 1249 995 cha>
1290 936 1293 995 ἐ

159 1037 266 1111 brias,
290 1037 498 1108 Timotheus,
526 1035 685 1096 Phocion.
728 1032 795 1098 His
810 1039 892 1098 alios
911 1036 1056 1099 totidem
1066 1059 1109 1099 ex
1124 1038 1260 1128 cenas

161 1144 345 1206 civitatibus
363 1142 506 1204 externis
531 1142 763 1226 conquirebat,
787 1144 1010 1228 excitabatque
1027 1164 1068 1206 ex
1082 1143 1246 1206 Lacedae·
1290 1116 1293 1137 Ι

160 1251 279 1313 moniis
304 1250 510 1354 Pausaniam,
540 1248 753 1330 Lysandrum,
787 1249 984 1334 Agefilaums
1022 1273 1064 1313 ex
1081 1248 1247 1313 Thebanis
1291 1292 1293 1355 ξ

161 1355 416 1440 Epaminondam
442 1369 474 1435 et
497 1355 706 1440 Pelopidam:
740 1356 1022 1437 ex·Syracusanis,
1047 1358 1103 1442 qui
1119 1356 1246 1440 eraut's
1288 1376 1291 1386 ·

163 1461 343 1525 Corinthiis
363 1460 444 1535 orti,
465 1462 623 1524 Dionem:
654 1485 694 1525 ex
709 1461 783 1547 ipsis
802 1459 996 1536 Corinthiis,
1020 1460 1076 1548 qni
1091 1462 1248 1524 maximss

162 1593 217 1633 res
235 1569 393 1652 Syracafis
410 1566 519 1652 gessit,
551 1569 806 1631 Timoleontem:
836 1591 877 1632 ex
901 1567 1131 1634 semibarbaris
1151 1569 1247 1650 (nam

164 1677 380 1741 Chersonesus
398 1676 535 1736 Thracia
555 1677 710 1738 Graeciae
729 1676 834 1737 ferme
854 1679 1150 1755 annumerabatur)
1170 1678 1248 1749 Car-¹

164 1785 291 1845 dianum
310 1786 504 1844 Eumenem:
547 1803 584 1844 ac
611 1780 773 1865 postquam
796 1783 850 1843 hic
874 1783 1084 1847 admonuerat
1101 1788 1249 1870 Regum,

165 1912 304 1976 quorum
320 1889 623 1953 commemoratione
640 1903 790 1971 tanquam
803 1890 905 1952 limite
925 1887 1106 1966 utebatur,
1116 1902 1158 1953 es
1174 1877 1247 1954 bari

163 1994 277 2059 haris
267 2019 330 2079 Jam
342 1995 509 2060 arcessivit
516 1995 794 2079 Carthaginienses
810 1998 1025 2060 Hamilcarem
1042 1990 1248 2073 etHamiiba·

163 2104 248 2177 lem,
271 2124 307 2164 ac
322 2117 390 2164 tum
407 2103 548 2186 denique
568 2109 712 2163 extremo
731 2102 804 2163 loco
815 2103 981 2164 Datamem
993 2107 1107 2167 Carem
1118 2098 1246 2188 adjecit·

29 2281 32 2287 ,
118 2293 126 2312 -.
165 2185 369 2293 singularem
384 2229 464 2292 ergo
482 2207 659 2290 quendam,
683 2224 719 2270 ut
733 2208 810 2270 hinc
829 2223 935 2293 patet,
960 2210 1123 2273 delectum
1138 2217 1248 2297 Nepos

164 2317 285 2401 habuit.
334 2322 408 2379 Non
429 2317 516 2377 enim
544 2333 655 2376 omnes
678 2318 807 2380 volebat
830 2318 1027 2401 explicare'
1018 2334 1247 2425 imperatores?

164 2421 239 2497 sed,
263 2438 298 2485 ut
314 2422 382 2508 ipse
397 2424 459 2496 ait,
483 2416 656 2483 excellentes„

245 2598 421 2666 Videamus
445 2620 530 2661 nunc
551 2596 629 2682 jam,
662 2613 770 2665 utrum
793 2606 904 2686 Nepos
925 2598 1108 2664 restitutam
1128 2592 1252 2666 istams
1291 2678 1293 2695 ι

165 2693 259 2769 nobis
276 2709 354 2769 libri
370 2709 607 2770 ordinationem
624 2723 658 2770 ut
672 2731 782 2772 veram
799 2723 831 2770 et
846 2710 931 2770 suam
945 2724 1107 2794 agnoscat.

247 2840 395 2904 Ostendit
415 2843 529 2927 operis·
555 2841 733 2926 praefatio,
772 2854 936 2902 auctorem
971 2839 1131 2916 nostrum,
1150 2838 1254 2904 ‚sicut

166 2947 221 3008 alii
234 2946 378 3008 historici
397 2949 567 3020 fecerunt,
593 2947 807 3010 Athenienses
824 2969 896 3009 cum
912 2949 1184 3017 Lacedaemoniis,
1197 2971 1251 3012 ce·

69 3051 72 3141 ἶ
166 3054 247 3115 teris
264 3053 419 3115 Graeciae
436 3057 542 3138 gentis
562 3055 746 3117 civitatibus
761 3055 1002 3138 praehabuilse3
1024 3079 1064 3118 ex
1076 3056 1129 3117 his
1144 3070 1252 3119 autem

166 3160 248 3243 ipsis
269 3158 395 3221 duobus
412 3162 670 3244 praerogativam
684 3161 930 3225 Atheniensibus
948 3162 1106 3225 detulisse.
1137 3163 1252 3229 Tacite

166 3264 200 3325 id
216 3267 396 3327 declaratur
414 3269 635 3350 exemplorum
656 3270 790 3342 ordine,
823 3271 940 3353 quibus
957 3272 1004 3331 ibi
1019 3270 1121 3331 utitur
1139 3274 1252 3354 Nepos

166 3370 206 3431 ad
227 3393 335 3433 mores
358 3374 530 3454 Grajorum
562 3375 773 3440 denotandos.
830 3378 916 3438 Huic
948 3376 1048 3460 igitur
1072 3377 1263 3440 sententise'

167 3479 363 3540 conveniens
381 3496 468 3555 erat,
491 3497 526 3544 ut
546 3483 779 3568 imperatorum
796 3504 925 3568 quoque
942 3481 1183 3545 althenienlium
1202 3482 1254 3547 'vi-

165 3594 215 3647 tas
238 3584 345 3673 primo
375 3587 449 3648 loco
481 3605 631 3670 poneret.
675 3591 825 3653 Servavit
857 3591 892 3651 id
917 3604 950 3652 et
975 3590 1101 3651 ordinis
1126 3586 1252 3673 antiqui

163 3687 367 3753 adulterator
386 3693 569 3768 Chronista,
592 3697 735 3781 quamvis
756 3696 816 3756 alia
832 3698 958 3758 ratione
976 3695 1109 3768 ductus,
1133 3696 1253 3758 inMil·

166 3796 270 3870 tiade,
302 3798 533 3875 Themistocle,
565 3817 598 3863 et
619 3800 779 3873 Aristide,
812 3803 962 3865 continua
985 3801 1067 3876 serie
1092 3802 1164 3863 ab
1156 3802 1253 3864 mitio

166 3886 287 3988 positis.
330 3905 458 3986 Deinde
480 3923 585 3994 autem
604 3909 644 3968 ad
665 3909 895 3992 chronologiae
911 3931 1056 3970 normam
1076 3911 1189 3970 locum
1203 3905 1253 3969 se·

119 4041 121 4047 '
169 4011 215 4076 cit
230 4011 402 4073 Pausaniae
422 4014 596 4096 Spartano,
630 4036 726 4097 quem
740 4015 793 4076 vel
812 4016 879 4100 ipsa
899 4016 1077 4102 expositio,
1102 4015 1171 4078 stilo
1194 4014 1253 4077 ali·

69 4102 72 4121 ¹
105 4143 106 4147 ¹
167 4131 320 4202 quantum
340 4117 511 4193 floridiore
528 4136 700 4206 concepta,
730 4122 836 4205 arguit
855 4143 921 4184 non
937 4120 1257 4219 continuatempora'

1160 4249 1237 4292 cum
