2594 4644
104 276 227 361 ‚33⁶
418 276 723 347 CORNELll
763 279 1040 343 NEPOTIS

123 481 145 546 3
164 497 226 548 est.
268 485 361 546 Plato
389 498 494 546 autem
513 498 634 547 tantum
654 486 739 571 apud
758 486 948 566 Dionysium
975 487 1175 549 auctoritate
1195 507 1246 570 pa·

163 593 226 654 tuit
246 591 421 676 valuitque·
440 576 642 674 eloquentis,
686 606 720 653 ut
747 592 779 652 ei
807 593 1026 674 persuaserit,
1071 592 1249 674 tyranmdis

72 708 77 718 ‘
162 697 273 759 facere
308 695 428 768 linem,
484 696 731 781 libertatemque
767 695 907 759 reddere
943 699 1171 778 Syracusanis,
1224 698 1250 761 d

36 794 39 801 ’
75 814 78 821 ’
163 825 226 887 qua
246 804 410 866 voluntate
431 799 562 863 Philisti
584 802 722 864 consilio
743 795 937 882 deterritus,
979 803 1152 889 aliquanto
1181 820 1250 866 cru·

157 906 271 970 ‘delier
291 927 365 968 esse
387 905 505 990 caepit.
711 910 714 923 '
849 891 856 909 ⁸

1144 990 1250 1063 CAP,

120 1164 122 1169 ’
160 1169 317 1247 probavit,
335 1172 686 1230 'l'nschuclsiusBremius-
755 1170 848 1230 Ptaso
866 1169 987 1240 autem]
1016 1174 1062 1227 De
1079 1171 1162 1240 hec,
1196 1173 1251 1242 eim

162 1255 220 1314 que
238 1238 685 1313 inlocumsuumrestituerunt.]
721 1242 859 1366 inqenio,
892 1240 1030 1295 industrie
1053 1259 1089 1294 ac
1118 1241 1251 1297 moritu

196 1306 248 1379 (p.
258 1307 332 1374 303.)
350 1309 386 1364 [n
394 1327 429 1364 eo
437 1328 502 1364 meo
511 1305 601 1378 libro]
613 1311 686 1367 Mea
719 1311 748 1364 vi
773 1309 863 1364 endus
871 1311 1016 1365 Val.Max.
1028 1310 1056 1364 8.
1068 1328 1095 1363 e.
1107 1327 1138 1378 7.
1149 1309 1249 1365 Ernst

162 1376 265 1430 aberat
278 1378 352 1430 Dan.
365 1376 619 1444 etheidsBosius.
630 1380 698 1454 Ag..
761 1383 798 1435 Ut
821 1381 850 1435 ei
868 1377 1053 1450 persuaserit
1075 1384 1088 1431 t
1106 1375 1252 1433 rannidit

161 1453 286 1499 noscunt
299 1454 396 1499 tamen
407 1445 488 1499 Leid.
507 1464 599 1514 meus,
615 1447 685 1501 item
712 1445 818 1517 facere
829 1447 951 1514 finem]
970 1445 1050 1500 Idem
1099 1443 1171 1501 lato
1186 1449 1251 1501 ine·

58 1523 61 1528 '
95 1566 100 1589 ‚
161 1510 342 1592 Vollqhss.
363 1512 683 1582 [A1.Gu.Moschius‚
718 1514 1197 1587 pillolad.adDionysiamcirco
1210 1514 1253 1569 in·

162 1598 227 1634 eum
243 1598 273 1632 in
288 1582 387 1636 verbis
398 1601 432 1637 eo
440 1600 507 1640 mco
516 1599 600 1637 aures
608 1582 685 1637 haud
720 1588 752 1642 it.
772 1584 890 1638 fatetur.
910 1581 1005 1648 (adde
1021 1580 1250 1639 PlutarchDi·

159 1665 265 1722 parum
282 1648 449 1715 offendant,
475 1667 572 1724 neque
593 1668 684 1706 casa·
720 1673 777 1709 one
799 1669 866 1726 pag.
889 1654 949 1720 962.
975 1652 1112 1724 etseq.)
1151 1648 1252 1707 Sedut

160 1719 199 1770 tis
208 1717 358 1770 commode
372 1717 450 1772 dicta
464 1719 540 1783 sint,
557 1739 623 1774 mco
633 1721 684 1788 eii·
718 1719 869 1792 Dionylius
884 1731 947 1773 erat
955 1722 1105 1777 veterator
1115 1736 1251 1794 magnus

162 1783 296 1838 ciendum
311 1786 365 1839 effe
379 1797 486 1841 censet.
505 1787 562 1842 Ult.
580 1788 684 1842 habet:
719 1788 831 1852 (veluti
852 1786 970 1844 Tullius
986 1809 1011 1844 u.
1043 1789 1128 1862 epist.
1153 1785 1252 1843 inuti

161 1854 194 1908 in
211 1860 244 1908 co
260 1851 341 1909 libro
356 1853 445 1927 plara
460 1858 683 1929 suntexposita.
723 1857 760 1934 Q.
780 1857 824 1913 Fr.
840 1874 905 1910 cum
922 1875 937 1911 a
960 1857 1069 1931 pellat)
1088 1855 1251 1930 despoliet

161 1920 265 1994 quide
285 1922 439 1991 historicis
462 1923 584 1983 Graecis
606 1941 683 1978 ame
718 1925 859 1990 invertit,
879 1937 908 1980 et
920 1876 1071 1981 Pistonem
1092 1924 1251 1980 calumnia·

161 1991 348 2064 conscriptus
367 1994 433 2054 cst]
717 2005 764 2048 tus
780 1993 835 2059 et,
875 1996 936 2048 ussi
954 1995 1002 2047 ille
1020 1993 1089 2047 huic
1114 1993 1181 2059 eius
1205 2010 1250 2049 ea·

195 2060 244 2114 De
258 2056 429 2131 historicis]
458 2059 683 2117 Graecis-addc·
718 2064 798 2116 nutui
824 2011 1002 2135 ohioquntus
1033 2062 1123 2128 ellet;
1164 2076 1251 2137 quun

159 2126 211 2181 bat
228 2128 319 2181 codex
335 2129 467 2193 Schotti‚
487 2139 516 2182 et
533 2149 607 2205 quos
627 2129 682 2184 Sa·
718 2129 911 2184 contral’lato
925 2128 1026 2186 sedulo
1036 2127 1191 2194 suaderet,
1199 2124 1248 2183 sed
1279 2142 1281 2147 ⁴

161 2213 232 2249 varo
245 2195 388 2269 inspexit,
406 2207 439 2251 ut
456 2199 486 2251 in
516 2197 684 2270 raesatione
717 2209 856 2321 qrunnus
876 2207 1036 2253 recusaret.
1068 2195 1250 2257 enecentur.

160 2272 303 2319 notarum
321 2277 487 2320 suarumtc
510 2267 681 2320 uturzitem-
745 2264 848 2321 iadell
870 2264 1006 2320 Leidensi
1029 2281 1096 2318 meo
1127 2275 1158 2318 et
1173 2264 1249 2329 vom

160 2349 227 2403 que,
248 2333 361 2407 Magio
370 2332 517 2398 laudante,
535 2335 684 2408 exemplar
718 2336 753 2388 t.
770 2335 803 2386 Β.
828 2329 904 2404 [Ga.
923 2335 981 2389 Ult.
998 2332 1202 2406 plurimisque
1222 2348 1248 2385 e-

159 2405 313 2456 Venetum.
335 2419 419 2472 quam
441 2417 544 2457 uocem
561 2401 683 2458 Lumbi·
719 2400 798 2456 ditis.
836 2405 925 2456 Deest
953 2402 983 2456 in
1008 2401 1104 2455 Paris.
1124 2419 1152 2454 e.
1182 2396 1247 2454 Ald-

160 2483 233 2533 nus,
250 2469 273 2523 si
292 2467 684 2536 Schottocredimus,(na1n
718 2473 765 2526 Mu
788 2508 795 2523 .
813 2470 914 2523 Lsmh.
936 2480 964 2522 et
979 2468 1147 2534 lieuchen.]

160 2538 191 2591 in
213 2539 429 2594 commentariis
456 2540 516 2606 eius
538 2538 611 2591 nihil
632 2540 682 2592 hu-
794 2556 851 2611 qnia
866 2535 1021 2592 uoluntote
1029 2535 1165 2591 Philisti
1179 2552 1246 2591 con·

160 2605 284 2671 jusmodi
301 2607 435 2681 reperio)
458 2627 522 2662 cum
532 2605 684 2683 Longolio
718 2607 788 2664 silio
805 2601 986 2674 deterritus]
1014 2605 1145 2659 Dionem
1172 2602 1247 2676 apud

160 2675 309 2749 expungit,
319 2673 399 2749 quod
411 2675 446 2728 de
462 2678 594 2748 utrisque
609 2676 682 2731 scri·
718 2688 870 2748 tyrannum
886 2672 1086 2735 criminando,
1106 2677 1246 2728 etmultst

158 2742 265 2816 psille,
288 2744 411 2801 Graecis
430 2745 616 2816 Latinisque,
633 2762 682 2798 ve-
718 2760 880 2818 gravesque
903 2741 1086 2816 suspiciones
1114 2741 1146 2794 in
1166 2741 1246 2796 illine

158 2810 282 2867 risimile
301 2813 348 2867 sit.
369 2813 681 2886 pttpernmspotuitc-
718 2811 941 2867 commovendo.
974 2807 1095 2863 Aeceffit
1122 2819 1152 2863 et
1176 2811 1246 2865 Dios

158 2881 218 2934 nim
236 2876 271 2933 dc
286 2883 418 2952 utrisque
435 2886 591 2954 separatim
610 2882 679 2934 scri·
716 2881 760 2935 nis
779 2881 897 2952 epistola
914 2877 1246 2948 udGacthaginienslum
1287 2890 1289 2951 ᾖ

159 2952 242 3004 herc.
273 2950 348 3004 Sanc
364 2953 399 3006 de
416 2949 540 3007 Latinis
558 2949 682 3005 seorsim
715 2951 895 3023 magistratus
907 2945 1244 3021 etprocuratorcsdate,

159 3017 263 3090 egilse,
294 3015 362 3071 inde
384 3014 525 3101 apparet,
557 3016 636 3092 quod
651 3017 681 3069 in
716 3018 896 3091 intercepta,
916 3015 994 3070 etad
1012 3014 1244 3071 Dionrsiumal-

159 3084 351 3159 antiquiffimo
371 3088 473 3141 codice
488 3084 598 3140 Gifnnii
615 3096 681 3138 ante
717 3087 784 3140 luta.
804 3085 982 3142 Lambinus.
1003 3080 1058 3135 Adi
1080 3070 1246 3139 Plutarch.-
1287 3082 1289 3137 f

158 3156 247 3208 vitam
263 3156 352 3209 Attici
366 3156 437 3209 haec
458 3154 595 3209 verbere
619 3164 682 3206 ertu
716 3151 737 3209 l.
753 3174 778 3210 c.
794 3155 903 3209 Belius.
932 3150 1244 3207 Deterrerenotatde.

158 3233 239 3276 sunt:
274 3222 416 3280 Exlibro
436 3221 571 3279 Cornelii
617 3241 683 3295 epo·
715 3222 846 3288 hortari,
868 3220 1048 3280 diffundere,
1074 3219 1245 3277 rationibus
1277 3246 1279 3255 =

157 3294 198 3346 tis
222 3289 259 3350 de
287 3294 409 3348 Latinis
429 3292 592 3347 historicis.
624 3290 680 3345 nisi
716 3290 877 3352 adducere,
897 3288 1013 3362 nequis
1031 3285 1087 3338 hoc
1103 3288 1154 3340 vel
1172 3284 1244 3343 illud

156 3374 253 3415 tamen
283 3361 437 3434 legendum
467 3360 504 3414 est
533 3360 681 3416 historiis.
716 3358 813 3415 faciat.
845 3357 950 3413 Cicero
968 3356 1035 3409 Lib.
1055 3373 1080 3408 1.
1102 3354 1142 3408 ad
1162 3359 1242 3412 Fam.

157 3448 224 3482 nam
242 3441 271 3483 ct
287 3430 317 3482 in
332 3431 441 3485 vetusto
460 3426 562 3484 codice
579 3427 680 3483 Cardi—
715 3428 771 3502 Ep.
786 3445 813 3496 7.
834 3424 897 3483 Sed
910 3445 966 3500 ego
982 3431 1010 3479 te
1024 3421 1115 3503 ιιΐρά
1129 3433 1245 3481 certam

157 3499 231 3552 nolis
258 3496 418 3553 Mendonac
440 3498 584 3554 Schottus
606 3497 680 3549 hunc
716 3493 838 3552 laudem
854 3493 1020 3559 adhortor,
1043 3507 1088 3547 'ste
1112 3511 1132 3547 a
1154 3493 1243 3550 dimi·

156 3568 378 3639 inscriptionem
400 3567 550 3640 repperit:
580 3565 680 3621 Histo·
715 3565 835 3620 catione
847 3561 994 3616 deterreo.
1014 3559 1051 3613 de
1088 3579 1130 3615 uo
1148 3563 1243 3617 verbe

156 3635 275 3691 riarum
288 3633 680 3691 LatinorumCorneliiNe
714 3634 844 3688 Brouldi.
864 3629 1075 3684 adulamini
1103 3631 1242 3687 ‚nute-

156 3706 238 3775 potis
254 3705 314 3759 uita
330 3705 433 3760 Attici.
449 3707 602 3776 Utcunque
618 3704 679 3756 fue·
714 3719 792 3756 vers.
816 3703 856 3758 13.
1189 3707 1194 3767 j

155 3772 216 3836 rit,
239 3771 274 3826 τὸ
298 3773 421 3830 Graecis
442 3773 507 3826 heic
523 3773 681 3845 genuinum
748 3769 912 3845 Aliquanto
928 3764 1081 3823 crudelior
1096 3784 1163 3822 csse
1179 3785 1243 3822 coc·

157 3842 211 3894 nise
228 3843 277 3897 vix
291 3841 404 3896 dubito.
414 3842 534 3897 Rosius.
563 3838 681 3894 Addunt
713 3837 792 3912 pin]
815 3840 849 3893 lu
875 3837 979 3910 primis
1012 3836 1043 3887 in
1076 3836 1243 3901 Platonem,

157 3910 244 3962 ctiam
266 3909 401 3964 Lcidm.
422 3911 500 3965 Votr.
527 3908 562 3963 Α.
588 3919 617 3961 ct
639 3907 673 3960 B.
712 3925 798 3982 quem
815 3906 917 3961 mortis
931 3902 1065 3978 periculo
1078 3903 1248 3969 obiecill'ct,

156 3975 286 4043 [Omittit
294 3979 383 4032 Aren.
394 3975 677 4032 sedinseruntetiam
711 3971 1242 4045 nisiArchytaseumeripuiss'et.Plut.

157 4048 212 4101 Gu.
229 4048 285 4102 Ult.
306 4063 397 4118 quare
415 4064 480 4099 cum
496 4043 676 4100 Taschuclsio
710 4045 856 4118 paguqhh.

157 4119 187 4170 in
205 4126 282 4170 textu
299 4111 449 4189 reposui]
551 4188 554 4195 ⁴
