2594 4644
277 277 382 371 xm.
423 272 804 350 rtuornnus
847 274 1027 337 ιιιιιι.
1096 282 1191 356 lot

99 484 159 547 lus
188 506 282 560 acer,
326 485 490 571 suspicax,
532 485 681 560 mobilis,
724 484 947 560 adversarius,
977 487 1106 549 invidus
1128 490 1188 551 eti·

100 613 158 660 am
186 591 368 674 potentiue,
410 591 539 653 domum
566 607 715 666 revocat,
757 608 946 656 accusantur
978 592 1184 678 proditionis.

100 699 182 761 Hoc
208 697 330 780 judicio
359 697 523 759 damnatur
551 697 757 773 Timotheus,
807 698 914 783 lisque
943 697 1011 780 ejus
1041 700 1187 762 aestima-

102 817 163 867 tur
197 818 326 867 centum
351 802 501 865 talentis.
527 886 532 893 ι
561 793 637 881 llle,
679 805 756 868 odio
787 805 930 891 ingratae
962 805 1102 870 civitatis
1132 806 1207 868 oo·'

102 922 216 985 astus,
259 909 444 975 Chalcidem
473 900 521 971 se'
536 911 682 974 contulit.

101 1116 193 1176 tibus
203 1112 374 1173 maledictis
413 1113 627 1175 coelebratum.
688 1117 823 1192 Populus
837 1136 908 1175 acer
923 1123 991 1178 etc]
1010 1117 1054 1170 De
1069 1115 1186 1172 Athoni-

101 1184 182 1243 sdde
202 1187 243 1250 rb,
252 1202 279 1251 7,
287 1187 314 1241 3.
332 1188 366 1239 ln
403 1187 520 1258 urgenti
533 1197 629 1249 tamen
664 1188 769 1241 cultum
787 1188 906 1242 civitate
921 1184 1034 1253 juvenis
1056 1187 1188 1240 consulat

94 1251 211 1311 codice
227 1253 268 1306 ait
284 1253 628 1315 fuiffeiricrimenvoco·
662 1256 818 1327 Polybium
836 1257 904 1309 Lib.
921 1272 962 1308 vr.
991 1270 1055 1326 cap.
1072 1257 1123 1322 lm,
1140 1255 1184 1323 43.

86 1316 193 1387 ,hunt
224 1321 359 1377 schottus
377 1323 537 1388 ctSnvaro,
550 1320 629 1395 quod
663 1322 811 1396 quomodo
839 1341 854 1377 a
878 1322 1035 1379 Parrhasio
1057 1322 1185 1393 Ephesio

101 1390 217 1452 utitor,
243 1388 307 1442 heic
330 1391 417 1462 plane
447 1390 542 1446 silent.
582 1391 627 1445 ct.
662 1393 787 1463 populus
810 1391 996 1445 Atheniensis
1022 1388 1113 1443 suerit
1132 1387 1182 1443 de-

131 1468 251 1513 uteauus
266 1468 380 1512 retento
395 1457 640 1514 ordinantium-1
684 1459 772 1521 ictus,
791 1458 878 1513 docet
896 1475 911 1512 e
928 1457 1024 1511 Plinio
1044 1457 1182 1512 Meurfius

126 1524 221 1590 icum,
250 1541 365 1599 imaque
391 1527 497 1580 vocula
511 1524 626 1593 addita,
659 1477 726 1583 lib.
744 1545 789 1581 ιιι.
808 1525 1034 1582 sthennium
1059 1545 1103 1607 .9.
1114 1542 1181 1598 pag.

101 1591 260 1665 legendum
291 1595 452 1649 existimat:
487 1594 625 1651 aduersa·
662 1598 720 1653 166.
739 1593 812 1649 adde
828 1592 1019 1649 Ruhniumud
1054 1595 1182 1648 ebenum

102 1662 187 1718 rius.
213 1659 334 1716 invidus
356 1663 450 1719 etiam
463 1665 625 1737 potentiae,
658 1663 723 1718 Lib.
741 1683 775 1718 ιι.
794 1681 857 1747 cap.
878 1664 918 1719 13.
937 1679 1016 1715 num.
1034 1668 1072 1727 14.

93 1740 182 1804 'quoe
194 1716 228 1785 in
242 1729 355 1786 crimen
362 1730 531 1795 vocabatur,
542 1731 623 1787 dom.
663 1744 667 1751 “
694 1732 758 1787 Hoc
768 1729 885 1804 judicio
896 1728 1062 1786 damnatur
1079 1728 1180 1786 'limo-

75 1830 78 1863 ι
101 1818 165 1856 reu.
185 1799 229 1853 (ΣΙ.
251 1799 416 1854 Sohefforus
439 1799 624 1853 scribendum
658 1801 760 1861 tlteus]
786 1801 843 1878 Qui
860 1810 925 1853 ante
945 1798 984 1852 ob
1010 1798 1181 1852 felicitatem

75 1900 78 1932 ,
102 1876 219 1921 censetz
238 1863 314 1940 Pop.
327 1885 373 1923 oc.
389 1884 469 1942 susp.
488 1866 524 1929 nt
543 1887 624 1924 eum·
659 1869 857 1941 superbiens,
883 1876 1115 1940 arroganterque
1138 1866 1181 1920 lo·

75 1950 161 2009 ,que
181 1952 245 1991 rem
262 1934 405 2004 mobilis,
434 1934 626 1993 sdversarius
659 1952 750 2009 quens
765 1935 854 2000 dixit,
872 1930 1097 2009 felicesrerum
1115 1950 1180 1991 suc·

75 2002 196 2071 ,etium
230 2005 370 2062 otentioe.
402 2006 439 2062 Jn
454 2005 568 2061 crimen
577 2023 623 2060 νο-
658 2005 965 2079 cessussuospotius,
1023 2000 1180 2075 omfortu-

75 2072 203 2143 tc'abcn
237 2092 267 2139 r,
285 2072 408 2130 domum
428 2075 558 2130 revocati
576 2092 624 2130 aa·
658 2090 718 2129 noe
738 2091 811 2130 esse.
835 2071 913 2131 Vide
931 2018 1050 2128 suillum
1065 2084 1094 2126 et
1103 2068 1178 2126 Lud.

75 2174 81 2209 ι
99 2146 247 2197 munior
262 2140 454 2214 proditionis.
484 2159 579 2209 seusu,
591 2153 625 2197 ut
658 2142 737 2197 Cael.
748 2139 906 2214 Rhodigm.
922 2138 988 2195 Lib.
1006 2156 1032 2208 9.
1050 2139 1117 2193 loct.
1130 2155 1179 2193 au·

75 2208 164 2279 ,stit,
199 2218 312 2280 aperto.
357 2212 434 2266 Olim
457 2210 620 2265 tentabams
656 2210 710 2283 tiq.
727 2227 792 2282 cap.
808 2210 849 2265 18.
864 2207 1015 2264 Ernstius.
1034 2206 1092 2263 Sed
1109 2204 1179 2260 vide

75 2276 86 2347 ι’
99 2274 222 2333 invidus
237 2274 249 2339 (
258 2278 352 2333 etiam
369 2281 505 2353 potentia
519 2281 553 2335 in
563 2280 621 2334 eri-
656 2288 705 2341 tu,
723 2278 840 2342 Lector,
859 2277 896 2333 cl.
908 2276 1003 2331 Periz.
1018 2274 1176 2330 addelian.

122 2364 174 2401 sen
194 2344 376 2415 uocabatur)
413 2347 536 2404 domum
562 2366 620 2403 rev.
655 2345 721 2400 Lib.
738 2364 805 2401 xrrr.
823 2348 861 2411 V.
877 2348 914 2401 H.
929 2362 961 2398 ca
986 2345 1139 2407 ,iduum
1152 2362 1176 2398 ι.

99 2363 176 2477 dod,
199 2423 233 2466 ut
254 2413 380 2487 ingenue
401 2416 512 2482 fatear,
534 2415 620 2480 mihi,
657 2425 728 2475 ets.
753 2424 781 2467 et
802 2406 912 2468 abhoc
935 2362 1005 2467 fallu
1021 2412 1186 2489 immunem}

98 2481 196 2539 veteri
209 2478 347 2546 formula,
362 2486 427 2538 Non
441 2484 619 2555 liquetflos.
655 2480 798 2548 judicabis
808 2481 1002 2535 Timotheum.
1019 2483 1176 2535 Damnatus

75 2550 204 2615 ,Verba
225 2546 262 2602 ob
288 2568 356 2606 eom
377 2570 441 2607 rem
456 2553 490 2606 in
506 2552 621 2608 crimen
656 2549 693 2602 cll
712 2549 898 2614 Timotheus,
929 2548 1090 2621 praecipue
1111 2564 1177 2600 eum

97 2616 286 2674 motantur
311 2620 413 2674 absunt
436 2636 453 2673 a
483 2620 561 2676 Vols.
584 2622 619 2674 B.
656 2628 807 2673 accusante
823 2618 1036 2690 Aristophontc.
1051 2633 1080 2669 v.
1091 2616 1175 2670 Eum·

95 2684 151 2741 sed
165 2685 244 2742 Voll'.
257 2685 293 2741 h.
311 2697 340 2741 et
355 2687 436 2741 heid.
457 2703 537 2742 meus
553 2704 621 2742 con·
655 2683 719 2738 dem
735 2682 772 2736 ad
785 2685 850 2740 Lib.
870 2704 929 2740 xiv.
952 2704 984 2739 ca
1008 2685 1054 2745 ,3.
1180 2742 1183 2747 ,
1207 2720 1213 2731 .

94 2752 231 2810 sentiunt
243 2756 305 2809 tto.
323 2755 431 2810 aBolio
441 2754 547 2810 citatis.
559 2754 619 2809 vid.
688 2751 891 2822 Aestimotur]
915 2755 961 2808 Vo
985 2791 993 2808 .
1016 2754 1051 2807 B.
1078 2749 1174 2817 [Gn-l

88 2830 164 2891 mot.
191 2820 262 2893 poll.
289 2824 397 2884 [Aren.
422 2833 555 2877 accur-etc
575 2841 619 2876 ex·
655 2821 857 2877 existimatur.
879 2831 908 2875 et
922 2821 1021 2904 paullo
1036 2828 1104 2873 ante
1118 2834 1175 2890 pro

90 2888 204 2965 primit
222 2888 377 2947 lectionem
399 2889 620 2948 counanimis
676 2906 705 2974 p.
719 2890 801 2957 3⁶5.)
818 2887 1000 2964 proditionis
1013 2887 1089 2942 idem
1105 2903 1174 2959 pro·

92 2958 303 3045 aliorumque,
337 2970 370 3013 ut
392 2960 430 3015 its
453 2976 489 3014 ue
508 2960 620 3013 abhoc
676 2952 814 3015 sotionisl
829 2976 886 3031 pro
905 2952 1081 3038 chalcidem
1094 2956 1175 3037 Voll.

90 2977 499 3154 33ffi0d22·dsscti⁰nepllf⁰i
512 3024 908 3166 1f⁰¹¹p¹;*,i',l„ssss‘,⁸fg”]d²”''
946 3020 1174 3086 [Ultbstnn-

276 3115 285 3148 ι
319 3114 411 3153 amur.
462 3114 558 3157 osee.
611 3132 620 3150 .
771 3114 819 3149 ι.
928 3142 932 3147 .

75 2368 82 2427 l

75 2446 82 2484 ι

75 2498 81 2551 l

91 3162 159 3221 ms.
175 3179 240 3216 eum
256 3166 332 3219 Dan.
345 3166 527 3241 reliquisque
534 3162 619 3219 codd.
690 3164 838 3236 ingratae
851 3154 996 3231 civitatis]
1013 3156 1123 3214 Eodem
1131 3157 1174 3239 in·

90 3231 264 3297 consentit,
283 3232 339 3287 nisi
363 3234 442 3306 quod
462 3250 520 3307 pro
532 3249 618 3289 aecu-
652 3230 779 3285 sanante
799 3232 886 3287 titulo
909 3246 971 3283 earn
985 3236 1109 3299 exornat
1125 3227 1173 3282 Cr-

90 3304 210 3357 tantm
247 3299 337 3355 babet
370 3309 535 3359 accusante
592 3321 617 3358 e.
653 3316 723 3353 cero
737 3299 804 3353 Lib.
819 3320 868 3356 111.
891 3299 927 3354 de
938 3298 1027 3383 Lepg.
1046 3312 1110 3367 cap.
1129 3312 1171 3348 ιι.

78 3366 199 3425 'Verba
217 3365 298 3426 ote.
316 3370 405 3427 r.i.c.
419 3380 535 3428 urcem
568 3386 617 3423 eu·
673 3385 718 3441 ag.
733 3368 793 3424 nt.
812 3368 966 3423 Caeterum
983 3384 1013 3422 m
1029 3364 1085 3418 boc
1100 3363 1180 3439 essi-J
1265 3380 1268 3385 ·

88 3436 231 3509 eingcrus
247 3447 277 3492 et
289 3438 432 3506 Bromius,
450 3449 482 3493 ut
495 3455 530 3491 ex
543 3452 617 3491 mar·
651 3385 693 3491 llo
716 3445 848 3490 mortuus
878 3436 916 3489 eli
933 3432 1110 3489 Timotheus.
1129 3448 1171 3489 ,v.

88 3506 167 3579 gine
176 3520 256 3559 exem
277 3507 346 3561 laris
361 3506 617 3574 ali‘cujusinvecta,
650 3500 840 3559 Pertransi
856 3504 971 3567 helian.
988 3500 1116 3559 Libani.
1132 3502 1170 3559 V.
1271 3542 1275 3549 .

86 3571 213 3629 urreisa
229 3524 351 3651 relitpris
366 3579 583 3636 secesserunt]
651 3574 690 3629 Η.
707 3587 770 3645 cap.
788 3575 832 3642 47.
919 3576 923 3589 “
