2594 4644
259 271 734 343 lurnesianus,
778 274 869 336 en.
892 276 959 337 111.
1094 244 1207 355 157³

10 490 13 551 ἶ
68 484 186 567 semela
213 482 399 555 miserunt,
441 483 475 543 in
504 503 566 566 qua
593 503 683 543 more
712 482 841 544 illorum
879 496 948 545 erat
976 485 1148 567 scriptum:

611 594 614 627 l

65 690 312 749 Lacedaemonem
322 706 338 742 a
349 687 494 759 Lysandro
502 689 588 743 milla.
626 687 676 745 scd
684 689 986 745 lerumtantummode
998 684 1053 744 live
1061 707 1147 742 mem·

65 762 163 816 Alium
186 760 267 812 usum
288 767 431 811 memorat
451 759 588 828 Polyaen.
612 754 735 821 ‘hrana‚
759 760 789 812 in
810 777 867 832 qua
885 760 965 834 ligno
981 759 1147 832 circumpli.

65 831 85 884 l.
105 849 126 884 1.
156 830 189 882 in
207 830 361 897 Tyrtaceo.
398 823 474 880 Vide
488 826 588 879 Juliin.
626 835 688 880 eata
702 827 816 881 litterae
831 828 958 902 scriptae
973 827 1100 890 suerent,
1112 825 1148 879 ad

65 898 115 965 lib.
133 899 160 954 3.
182 915 206 953 e.
223 900 249 953 5.
272 895 323 947 uhi
349 894 530 948 enatantem
548 896 590 946 in·
626 895 817 968 imperatores
830 897 1015 960 mittebatur,
1030 905 1147 949 retente

10 1024 13 1031 ,
64 975 246 1039 terpretatur
264 968 401 1017 tesseras.
436 959 522 1032 Apud
545 960 591 1017 Gi-
625 963 717 1034 ligno.
737 964 785 1018 Sic
796 965 873 1017 enim
890 966 997 1018 exserte
1013 962 1151 1016 scribuntv
1207 1002 1209 1007 .

10 1074 15 1087 .
65 1050 205 1089 neronem
226 1033 256 1085 in
272 1029 395 1101 quadam
416 1047 435 1082 e
458 1029 538 1085 istola
554 1027 592 1083 ad
627 1031 831 1099 Plutarchus,
859 1031 992 1098 Gellius,
1018 1028 1146 1091 Suidas,

64 1101 195 1157 Atticum
209 1101 326 1172 scytales
341 1100 502 1155 Laconicae
519 1098 546 1152 h.
562 1115 588 1151 e.
630 1102 768 1167 Taetzes,
789 1109 818 1156 et
831 1099 1018 1156 Scholiastes
1030 1099 1144 1154 Aristo·
1235 1102 1240 1123 '

10 1172 13 1205 ἵ
65 1169 210 1244 Epistulae
227 1169 328 1222 brevis
345 1178 373 1220 ct
392 1165 531 1221 obscurae
546 1183 591 1218 cu·
623 1170 747 1242 phanis.
783 1168 828 1221 An
843 1169 933 1243 igitur
949 1186 1013 1223 cnm
1028 1163 1146 1242 'Magia

38 1299 42 1304 ¹
64 1238 115 1292 liat
133 1237 256 1300 mentio,
276 1245 308 1288 ut
316 1234 528 1307 interpretatur
536 1235 590 1286 Be·
623 1237 806 1311 putabimus,
822 1244 976 1293 auctorem
992 1237 1083 1309 ipsum
1100 1242 1144 1288 er-

64 1303 447 1361 realdueddnetationibne.
460 1301 591 1358 Gebhar·
624 1323 695 1360 rore
715 1302 831 1358 drictum
848 1305 998 1359 credidisse
1013 1298 1146 1373 κήρυκἰυ

10 1420 12 1425 .
65 1372 130 1430 dus.
154 1371 231 1428 Vide
245 1370 280 1424 de
295 1372 349 1423 hac
364 1387 437 1424 voce
455 1369 589 1425 Marcelli
624 1374 771 1429 surculum
783 1373 837 1427 live
851 1374 960 1446 lignum
970 1371 1042 1426 illud
1055 1383 1143 1435 teres,

63 1442 174 1497 Donati
196 1439 398 1493 dilucidatien.
420 1437 457 1492 ad
479 1438 542 1491 Liv.
567 1437 587 1490 l.
624 1439 703 1514 quod
723 1442 822 1498 charta
842 1443 933 1496 instar
950 1441 1009 1497 leri
1028 1440 1144 1513 prolixa

63 1511 108 1566 38.
137 1519 167 1562 et
201 1509 334 1563 Clemens
364 1505 520 1559 Alexandr.
545 1523 586 1558 ιι.
624 1509 872 1573 convestiebatur,
907 1526 1004 1563 secum
1023 1519 1144 1580 portare

62 1579 162 1633 strom.
177 1596 209 1651 p.
223 1578 284 1642 307.
303 1592 329 1628 a.
349 1573 499 1629 Ernstius.
520 1573 587 1643 sey-
624 1576 834 1650 solitos,atque
847 1576 1144 1632 ideolanceamnun-
1235 1593 1238 1600 ’

28 1673 31 1678 -
64 1647 143 1699 talea
159 1641 410 1717 Laconicamlde
431 1661 488 1714 qua
502 1642 588 1714 plura
624 1645 751 1716 eupallc,
774 1645 854 1717 qued
868 1664 992 1754 &sarvam
1014 1646 1144 1697 lanceam
1204 1696 1211 1715 ι,

64 1714 96 1767 in
110 1712 227 1776 indice,
251 1713 325 1764 heia
339 1728 356 1763 a
379 1713 422 1767 Ne
445 1721 492 1764 ote
507 1710 587 1781 signi·
622 1714 717 1767 serina
734 1714 878 1769 referret.
900 1716 944 1766 An
955 1716 1063 1788 potius,
1079 1730 1154 1767 cum.

62 1781 165 1846 ficari,
183 1779 312 1834 dubitari
332 1797 392 1832 non
410 1781 487 1835 hcet.
516 1783 589 1834 Nam
623 1796 715 1854 aeque
735 1782 903 1837 membrana
916 1783 971 1836 five
987 1783 1094 1843 lorum,
1110 1799 1144 1835 ae

62 1849 174 1904 diserte.
191 1846 396 1921 Thucydides,
433 1866 518 1920 quem
540 1865 587 1900 cx·
622 1850 749 1922 lignum,
776 1850 885 1904 circum
912 1848 994 1923 quod
1016 1848 1147 1924 plicaha·
1170 1892 1173 1903 .

46 1917 177 1992 *preffitz
207 1917 382 1985 eludentes,
400 1917 510 1989 inquit,
536 1914 586 1980 atl-
614 1928 689 1982 tur,
708 1916 820 1989 scytale
832 1928 935 1988 vocata
948 1919 995 1971 sit¹
1027 1918 1145 1982 (namut

102 2005 141 2040 na
154 1991 183 2038 ol
193 1983 338 2057 Ἔφοροι,
356 1988 408 2037 καὶ
425 1985 587 2050 σκυτάλην.
624 1984 784 2042 Plutarch.
802 1985 963 2059 Lysandro
981 1957 1001 2039 l.
1025 2005 1048 2040 c.
1071 1985 1142 2038 scri-

62 2003 220 2110 filiolitas
239 2071 255 2107 a
277 2052 514 2108 Lacedaemoniis
530 2054 587 2122 scy·
622 2055 683 2127 bit,
702 2056 842 2109 καλεῖται
859 2054 1017 2120 ὁμωνύμως
1033 2058 1077 2119 rat
1093 2049 1142 2108 ξυ.

40 2125 44 2139 ’
61 2123 121 2177 tala
133 2123 271 2176 revocari
288 2121 588 2192 imperatores,etiam
613 2125 669 2189 ,λῳ
688 2122 870 2189 oneratura
884 2122 1034 2190 βιβλίον.)
1053 2124 1142 2176 Gree-

61 2190 208 2262 Lysender
225 2194 358 2263 exemplo
369 2189 416 2255 est,
431 2187 509 2262 apud
518 2187 589 2243 Plu-
623 2210 725 2246 eorum
751 2191 912 2246 imitatione
935 2192 1046 2246 litteras
1068 2190 1142 2262 ipsas

61 2259 160 2314 tarelt.
183 2260 216 2314 in
235 2261 296 2314 vita
311 2275 378 2330 pag.
399 2263 460 2328 444.
481 2268 510 2310 et
526 2256 586 2313 Po·
622 2259 762 2317 lanceam
790 2260 838 2314 vel
870 2259 987 2316 clavam
1008 2257 1142 2313 vocasse?

62 2325 163 2398 lyaen.
179 2327 233 2381 lib.
257 2328 282 2382 8.
305 2332 338 2384 in
365 2325 584 2382 Pharnabazo.
620 2330 714 2384 Utcun
737 2346 773 2382 ue
790 2329 842 2388 sit.
861 2347 918 2383 vox
932 2326 1045 2399 scytale
1056 2325 1141 2380 nimi-

61 2399 159 2452 Imma
179 2395 237 2471 alia
260 2413 378 2479 quoque
396 2395 586 2468 Imperatori·
620 2348 847 2454 umallhrorum
859 2398 985 2450 omnium
999 2396 1143 2466 scriptura

36 2464 117 2519 hue
142 2475 172 2518 et
226 2464 362 2520 raefectis
407 2481 439 2516 er
462 2464 586 2533 scytalen
619 2465 698 2534 ahit3
719 2482 814 2537 eoque
834 2465 882 2517 vix
902 2466 1028 2518 eaul'nm
1043 2468 1142 2536 Nepo-

60 2530 193 2587 mandari
204 2482 306 2598 lolita,
326 2530 496 2602 exejusdem
512 2530 585 2586 Ptu-
620 2543 679 2586 tem
695 2531 888 2598 crediderim,
915 2533 971 2586 nisi
990 2533 1020 2585 in
1032 2531 1141 2598 uetusto

61 2600 163 2657 turchi
172 2598 334 2657 Alcibiade
347 2611 423 2657 extr.
440 2604 469 2653 el
485 2601 585 2655 Xeno·
621 2603 720 2675 aliquo
751 2601 851 2658 codice
876 2601 1053 2674 reperiatur.
1081 2600 1140 2654 Bo·

59 2669 185 2742 phontis
199 2669 271 2724 hist.
288 2671 337 2726 Gr.
347 2673 375 2725 3.
385 2679 516 2741 apparet.
529 2666 586 2723 Sed
620 2673 695 2737 sitis,
717 2676 761 2727 De
776 2667 891 2742 scytale
906 2680 1025 2741 practer
1042 2668 1139 2724 Schol.

60 2756 97 2792 au
111 2738 173 2810 ipsa
187 2755 260 2792 voce
276 2736 391 2812 scytale
403 2737 505 2794 Noster
520 2737 586 2792 usus
620 2740 700 2794 Thue
720 2738 747 2793 d.
770 2740 788 2792 l.
806 2760 828 2792 1.
852 2757 876 2791 e.
899 2741 956 2794 131.
984 2738 1093 2804 lim‘o7.
1112 2745 1146 2789 et
1199 2776 1225 2789 ,.

61 2807 115 2870 sit,
131 2825 192 2861 non
206 2824 240 2859 ee
263 2827 298 2861 ue
315 2818 426 2861 eertum
442 2805 486 2859 est.
522 2805 585 2858 Pri·
621 2760 718 2862 Schol
735 2806 917 2876 Aristophan.
936 2805 965 2858 in
981 2804 1140 2876 Lysim-ve.

59 2892 123 2930 mus
142 2875 220 2928 enim
235 2825 409 2932 llduseam
425 2873 585 2947 reposuisse
655 2876 770 2930 .etiam
794 2873 898 2932 Snidas
914 2874 1056 2928 etSchol.
1073 2872 1141 2926 Pin·
1210 2885 1224 2906 ¹

60 2938 190 3008 dicitur,
212 2946 299 2999 nullis
326 2955 397 3016 vett.
417 2943 504 2997 libris
528 2941 586 3001 sus·
618 2893 683 2997 dltri
700 2945 812 3016 Olymp.
824 2947 849 2999 6.
867 2961 910 2996 vs.
927 2944 984 3011 154.
1002 2938 1084 2996 Leid.
1095 2938 1140 2996 la·

60 3011 255 3085 fragentibus.
283 3015 355 3067 Nam
379 3012 408 3065 in
427 3008 505 3064 Dan.
525 3010 583 3064 Gis.
618 3030 671 3067 na.
694 3014 857 3070 Mollior.
873 3009 989 3066 lancea.
1013 3009 1139 3065 Vella.

59 3091 89 3136 ct
106 3080 221 3140 schotti
240 3082 311 3135 fnit:
339 3100 406 3136 eum
431 3078 510 3133 laea.
532 3097 583 3131 un·
617 3081 652 3134 B.
678 3081 710 3135 C.
732 3079 815 3135 lana.
842 3076 925 3134 talea
949 3077 1077 3145 conjecit
1102 3077 1139 3132 cl.

59 3144 95 3204 de
111 3151 147 3207 P.
170 3150 287 3205 Daniel
311 3160 339 3204 ct
357 3148 500 3204 Schottus
522 3157 586 3200 ten·
619 3147 778 3202 Oudendor
802 3159 859 3202 .ut
878 3149 909 3200 in
925 3147 995 3220 post.
1017 3143 1062 3198 ed.
1079 3163 1139 3198 mo-

59 3221 176 3273 nhaut:
195 3237 262 3272 cum
277 3218 372 3282 elaea,
383 3217 403 3270 i.
414 3234 438 3269 e.
454 3214 584 3281 surculo,
617 3168 806 3273 nuiVolsd.
816 3217 886 3287 [Ax.
897 3215 952 3269 Gu.
962 3215 1032 3278 Ult]
1062 3214 1139 3268 aullo

60 3289 141 3355 eujus
160 3285 285 3340 sormam
306 3287 409 3356 scytale
424 3284 580 3338 rescrebat.
618 3294 684 3337 ante
701 3291 764 3339 tum
777 3285 912 3360 patriae,
933 3289 996 3336 tum
1010 3231 1138 3339 altini·

62 3351 181 3411 Sauara
208 3371 223 3408 c
246 3356 344 3410 suiset
364 3353 506 3426 antiquiss.
524 3350 583 3405 edi·
618 3353 711 3410 mica.
729 3354 851 3408 Consilia
866 3352 1139 3408 hacesuerunt.Ge·

59 3424 140 3479 tione
155 3426 269 3478 Veneta
283 3423 394 3477 laudat:
420 3420 583 3485 cumlana,
617 3432 701 3481 natus
719 3421 755 3474 elt
770 3424 925 3477 Pausanias
942 3421 972 3472 in
987 3418 1139 3493 lriapatria

36 3492 141 3564 ·quod
156 3501 237 3544 recte
255 3493 354 3561 rejicit
364 3491 584 3564 Magiu52cum
618 3488 805 3563 Ephorerum
826 3491 993 3565 potestatem
1020 3488 1138 3550 tollere,

59 3574 155 3635 neque
169 3559 200 3612 in
216 3560 281 3614 lana
301 3561 423 3634 scriptae
447 3560 505 3612 sint
519 3558 585 3611 lite·
619 3557 705 3612 ctlihi
719 3558 769 3610 uni
783 3560 939 3632 imperium
948 3558 1154 3611 surnmumae'

59 3645 130 3690 rae,
165 3644 259 3698 neque
283 3631 379 3683 lorum
399 3627 490 3692 illud,
523 3641 583 3698 quo
619 3643 736 3689 serere,
756 3626 822 3690 sed,
845 3638 877 3680 ut
899 3628 929 3688 in
952 3625 997 3679 his
1020 3624 1136 3690 adiuva·
1167 3659 1169 3666 -

25 3760 27 3767 Ι
58 3699 194 3752 surculus
211 3698 439 3762 involvebatur,
459 3695 582 3751 lanadi-
617 3705 701 3748 retur
716 3712 732 3747 a
747 3696 854 3759 Persis,
873 3702 975 3749 eorum
988 3694 1076 3747 rebus
1085 3691 1137 3744 ltu-

59 3766 84 3818 oi
100 3774 199 3838 queat.
229 3769 284 3821 Me.
304 3766 405 3822 Boecl.
430 3784 497 3819 cum
518 3763 582 3818 len·
618 3760 698 3829 duit,
718 3759 806 3835 idque
821 3764 896 3836 egit,
919 3772 952 3815 ut
971 3763 1074 3816 Persae
1094 3771 1136 3813 to·

60 3851 127 3897 cea,
143 3831 295 3906 quomode
305 3847 334 3889 et
342 3833 512 3901 Longelius
524 3832 583 3886 edi·
618 3831 675 3885 tius
693 3832 834 3886 Graeciae
854 3831 942 3885 essent
961 3827 1088 3897 domi1d3
1108 3846 1138 3882 v.

59 3901 116 3955 dit:
137 3902 307 3976 etlinegat,
332 3901 497 3959 revidere.
531 3917 584 3954 cur
617 3899 713 3953 Peria.
740 3898 776 3952 ad
800 3900 914 3954 aelian.
938 3899 1004 3952 Lils.
1020 3917 1066 3951 nr.
1098 3900 1134 3952 V.

58 3970 85 4024 se
104 3970 163 4024 tale
177 3983 301 4027 vocetur
313 3970 430 4027 lancea.
451 3970 508 4027 Sed
524 3988 582 4025 om·
618 3967 654 4020 Η.
670 3988 695 4020 e.
713 3974 755 4035 47.
777 3987 855 4023 num.
873 3971 899 4024 6.
927 3980 1021 4039 neque
1036 3965 1136 4031 obstat,

58 3988 145 4097 uilius
163 4037 242 4094 hisce
250 4041 428 4096 lectionibus
440 4047 583 4112 repugnat
618 4036 698 4158 ffuod
715 4035 880 4091 Herodotus
900 4035 960 4116 le‘
981 4041 1017 4090 V.
1038 4054 1073 4115 e.
1092 4035 1136 4114 da.

59 4124 121 4163 mos
139 4106 447 4162 Lacedaemoniorum.
481 4111 540 4163 Nec
554 4124 583 4158 e·
637 4116 714 4166 teat,
733 4103 1135 4175 quedPausaniaseupiverrt,

59 4172 119 4233 aim
144 4177 361 4253 lmeulue‘ipse
383 4177 439 4239 live
451 4178 579 4251 ‚liauuau
614 4182 663 4243 eryt
677 4168 1136 4245 Ἐλλάὸρςτύραννοψνέσβιι.
