2594 4644
288 298 408 365 XVII.
451 292 814 361 AGESILAUS.
857 299 949 360 Car.
972 300 997 362 1.
1120 300 1182 366 525

67 516 208 580 'locum
235 516 308 578 fieri
340 540 405 582 non
432 519 575 582 licebat:
624 521 733 604 itaque
769 496 904 603 utraque
940 541 1031 581 suum
1060 520 1181 582 retina·
1217 556 1221 561 ·
1285 586 1288 591 ,

64 682 78 709 4
93 622 154 685 liat
182 622 339 685 ordinem.
401 626 547 686 Primum
574 627 657 688 ratio
684 608 885 697 habebatur,
936 627 991 710 qui
1027 626 1181 687 maximus

92 746 175 794 nutu
192 743 291 791 esset
313 752 352 794 ex
373 729 487 793 tiberis
510 733 597 816 ejus,
641 733 696 818 qui
718 753 855 817 regnans
877 731 1093 810 decessisset3
1130 732 1198 810 siu¹

93 838 134 901 ie.
149 837 279 900 virilem
300 819 410 901 sexum
430 860 497 901 uon
524 824 732 925 reliquisset,
774 852 841 900 tum
862 837 1080 921 deligebatur,
1124 839 1181 923 qui

94 1061 169 1118 bum
189 1079 262 1116 varo
278 1064 358 1130 fieri
382 1066 540 1140 saepissime
564 1083 621 1138 pro
691 1064 795 1140 Itaque
820 1072 963 1140 atraque]
1001 1067 1051 1123 Sia
1072 1065 1182 1122 diserte

95 1130 621 1208 magistratumvelregemete.ereari
654 1135 736 1190 Leid.
757 1136 850 1188 Etiam
874 1137 982 1207 optima
1005 1135 1059 1190 Ed.
1077 1136 1181 1200 Uitrasi-

94 1201 172 1275 poni
182 1200 280 1326 {tilieti3
302 1205 420 1323 (ignibus
439 1203 478 1324 dd
503 1205 621 1327 {lippia
658 1203 705 1324 ipa
715 1211 850 1275 atraque.
869 1205 1181 1326 ageliatsrpultmquam

97 1284 188 1405 iiii,-
207 1285 319 1405 aa}
336 1289 502 1403 cibastis
520 1289 622 1392 inii}
656 1281 861 1401 {satiabit
878 1288 1181 1417 satiatam&

97 1408 206 1470 creor)
217 1404 352 1477 forsitan
359 1404 624 1482 oumlocupletiore
659 1418 716 1471 tur,
735 1425 794 1460 non
810 1409 970 1480 personae,
990 1408 1039 1461 sad
1050 1356 1182 1462 iamiiiae

97 1470 237 1545 referam.
272 1476 398 1530 Consule
412 1478 569 1529 Burmann.
587 1470 624 1528 ad
658 1474 833 1528 retinebant.
861 1479 904 1530 De
926 1473 1029 1529 ordine
1048 1476 1099 1528 iiio
1117 1477 1181 1547 piu·

99 1542 383 1623 Quinctilandibb.
404 1544 491 1598 instit.
505 1548 624 1605 Orator.
657 1542 831 1616 rat-Cragius
844 1541 864 1598 l.
879 1562 903 1598 a.
917 1545 1033 1599 Bosius.
1052 1545 1109 1599 Pro
1121 1547 1180 1599 ita·

98 1625 227 1734 attat
251 1614 396 1746 raat-
412 1612 621 1734 appappg·
657 1628 712 1734 ..p
732 1610 811 1734 aff·
826 1611 1052 1733 iustitia*
1071 1611 1183 1734 dm

98 1746 155 1801 etis
175 1756 204 1799 et
220 1698 291 1800 idadl
299 1747 401 1802 [thenis
413 1699 545 1813 ‚anddlde
556 1715 620 1820 ipso
656 1694 786 1800 ditienridne’
806 1699 825 1800 d
847 1699 963 1801 iihrdtrii
991 1699 1182 1801 inguriprpprrp

97 1814 205 1871 Prooie
224 1824 253 1868 et
293 1816 441 1889 uryiihene
459 1818 562 1890 agitur.
575 1815 620 1871 ld·
657 1815 833 1888 proiectum.
865 1814 1021 1872 Mariba·
1045 1816 1100 1871 Gu.
1132 1815 1182 1871 aa

100 1899 159 1959 qne
177 1881 282 1937 docent
298 1883 389 1937 verba
404 1893 472 1941 utra
493 1902 623 1942 uesicam
658 1892 788 1956 uterque.
808 1903 837 1938 v.
854 1902 942 1958 supra
956 1883 992 1937 ad
1008 1887 1040 1948 b,
1060 1904 1090 1949 1,
1105 1887 1131 1941 5.
1151 1893 1182 1955 et

49 1964 52 1995 Ξ
97 1948 410 2010 retinebatordinem.
427 1901 568 2011 Codicum
579 1954 624 2007 hio
661 1948 822 2022 15,4‚6.]·

96 2032 161 2074 non
180 2018 217 2072 eii
238 2018 370 2074 habenda
393 2022 487 2087 ratio,
513 2020 562 2089 sed
580 2021 624 2073 ht.
691 2019 831 2091 Primum
844 2021 925 2075 ratio
943 2017 1181 2087 babebatarJEt-

96 2087 216 2163 iberiae.
240 2089 305 2160 Ipsa
321 2089 486 2163 Heuiingeri
503 2091 624 2162 explica·
657 2086 715 2142 iam
742 2090 812 2142 haee
845 2089 933 2143 lectio
967 2092 1004 2141 eii
1026 2088 1183 2141 meliorum

126 2162 144 2207 o
169 2166 269 2210 monet
295 2156 472 2212 servandum
501 2156 621 2214 barram}
657 2154 733 2213 libb.
745 2167 777 2211 ut
793 2161 868 2212 Dan.
884 2155 965 2210 Leid.
985 2166 1042 2210 etc.
1061 2156 1181 2209 AtLon.

118 2220 185 2276 Nou
199 2224 419 2279 Lambinianum
436 2227 564 2292 Harum,
574 2224 624 2281 scd
646 2228 753 2350 ‘polius
769 2224 873 2279 edidit:
894 2226 1025 2297 primum
1039 2223 1107 2280 ideo
1124 2224 1180 2280 ba-

67 2346 70 2351 ,
133 2308 218 2347 oram
235 2294 272 2345 eii
284 2294 314 2346 in
326 2295 567 2364 mathaniam,
582 2305 623 2348 et·

97 2361 160 2416 iam
184 2360 214 2413 in
235 2364 287 2415 Ax.
308 2361 423 2417 Horam
446 2365 578 2430 (Proclis
596 2371 625 2416 et
658 2364 774 2438 primm
787 2362 821 2416 in
841 2381 875 2417 eo
891 2360 1067 2416 habebatur.
1087 2364 1180 2438 Quam

96 2428 308 2510 Eurysthenis)
329 2450 368 2485 ex
389 2430 486 2488 altera
529 2443 624 2487 ortum
659 2432 822 2505 scripturae
843 2433 1013 2485 varietatem
1036 2428 1181 2485 Sabatina

96 2496 233 2562 familia)
251 2496 624 2574 inalteriusfamiiaeio·
660 2516 675 2554 e
705 2509 838 2552 notarum
871 2497 1050 2571 compendiis
1085 2508 1181 2552 ortam

98 2582 170 2621 eum
177 2563 257 2630 fieri
270 2566 406 2641 (regem)
424 2587 486 2624 nan
503 2567 623 2625 licebat.
660 2567 763 2621 reniet.
791 2564 905 2619 Addere
918 2575 1051 2640 poterat,
1068 2585 1179 2639 provo.

97 2633 159 2711 Qui
177 2649 211 2685 ex
224 2635 338 2689 Proeiis
354 2635 463 2690 familia
480 2648 553 2701 erat,
565 2653 624 2688 non
660 2634 798 2708 (P·lt6⁶·i
815 2633 949 2687 rabulum
970 2631 1035 2705 ejus
1050 2634 1180 2688 omilium

96 2711 218 2776 poterat
243 2701 372 2782 perflari
389 2706 419 2757 in
437 2706 532 2760 iocum
553 2705 622 2757 alta·
660 2720 747 2756 corru
771 2701 846 2754 telae
863 2701 1038 2755 occasionem
1053 2703 1181 2774 praebu.

97 2768 183 2833 rius,
206 2787 254 2841 qur
272 2787 306 2837 ax
321 2772 504 2842 Eurysthenis
515 2771 624 2826 familia
659 2771 718 2829 ttre.
745 2719 879 2825 Bmiffum
894 2779 986 2822 atatem
999 2769 1132 2841 videtur,
1142 2786 1187 2824 ne

96 2852 226 2910 regnans
248 2836 428 2906 decederet,
460 2851 489 2894 et
513 2850 625 2894 contra.
658 2856 726 2893 mox
746 2847 942 2909 repeteretur.
966 2837 1087 2892 Boaiur.
1106 2839 1182 2891 ·Lo·

99 2904 282 2980 Heusinger.
302 2909 408 2964 Omnes
419 2907 504 2963 codd.
522 2905 624 2963 etedd.
660 2908 739 2960 cutio
760 2904 936 2977 desumptae
952 2905 1181 2960 candidatisRo·

59 2972 69 2984 “
99 2983 216 3027 veteres
233 2974 366 3041 Horum,
392 2977 470 3052 quod
488 2977 622 3049 praetuli.
658 2975 761 3028 manis.
785 2974 905 3044 (Romae
926 2975 1004 3027 enim
1026 2974 1182 3028 dicebatur

99 3039 218 3097 Horam
235 3056 330 3097 autem
350 3045 450 3100 refero
472 3044 508 3100 ad
527 3063 624 3120 reges,
659 3040 742 3099 iltius
759 3039 868 3097 haberi
881 3044 979 3108 ratio,
1005 3043 1055 3115 qui
1081 3043 1112 3094 in
1127 3060 1181 3095 nu·

1135 1339 1180 1392 ui.
1274 1364 1282 1381 κ

679 2293 793 2350 ebatur.
818 2295 931 2366 Magius
953 2303 982 2346 et
1006 2294 1180 2349 Lambinus}
1280 2316 1295 2333 κ

100 3108 258 3196 dequibus
275 3112 360 3167 initio
379 3115 463 3181 hujus
481 3115 623 3168 narratio.
657 3109 1194 3182 merumcandidatorumreeipieba··
1230 3164 1234 3175 ,
1284 3138 1287 3148 »

92 3178 147 3233 *nis
164 3192 195 3234 ιιι
210 3179 378 3233 universum
395 3181 623 3248 dixerat‚mini-
657 3189 723 3241 tur,
740 3179 787 3233 oui
804 3179 913 3232 licebat
924 3177 1180 3251 poteremagiiiras
1231 3178 1235 3185 '

99 3263 148 3298 me
164 3242 200 3300 ad
217 3248 350 3300 Pro'ciem
367 3260 396 3305 et
410 3251 623 3322 Eurysthenem,
657 3256 728 3301 tum.
751 3244 827 3303 Vide
848 3248 885 3301 cl.
903 3248 1061 3302 Graevium
1077 3244 1114 3299 ad
1132 3247 1182 3302 Gi.

102 3313 153 3389 qui
176 3310 212 3366 ad
227 3315 448 3385 explicationem
465 3319 624 3392 primariae
659 3331 796 3369 aaronem
811 3313 877 3369 Lib.
890 3317 916 3370 b.
938 3314 973 3369 ad
988 3318 1068 3368 Fam.
1084 3316 1139 3386 Ep.
1151 3318 1179 3371 b.

101 3380 263 3436 sententiae
283 3384 432 3455 pertinent
451 3397 480 3439 et
499 3397 625 3459 propter
658 3382 736 3453 [au.-
761 3382 813 3437 Ax.
837 3383 906 3438 Ula
919 3392 951 3436 ut
973 3384 1003 3437 in
1018 3393 1098 3437 textu
1110 3383 1182 3459 legi-

101 3449 236 3517 adjuneta
252 3447 287 3501 de
304 3449 421 3507 familiis
436 3457 557 3528 cogitari
576 3455 624 3508 hic
659 3443 739 3519 tun]

99 3525 267 3592 nequeunt,
295 3534 390 3591 neque
406 3520 471 3575 fieri
487 3531 626 3598 poterant
696 3517 758 3593 Qui
771 3536 857 3574 maa.
879 3514 978 3589 natu]
1005 3517 1085 3573 Idem
1102 3520 1184 3574 testa·

98 3590 205 3660 reges,
225 3603 311 3657 quum
329 3586 386 3652 ium
402 3589 498 3645 edent.
510 3591 625 3663 Harurp
658 3595 706 3640 tur
725 3584 895 3643 Herodoms
910 3584 977 3642 Lib.
997 3589 1023 3642 6.
1040 3588 1165 3661 Magius.

102 3655 157 3719 aa,
177 3673 211 3710 ex
219 3657 264 3710 his
278 3653 393 3710 duobus
406 3659 525 3714 omnino
546 3659 628 3733 regi.v
658 3672 661 3679 ·
681 3653 767 3710 Tunc
779 3653 962 3728 eligebatur]
978 3656 1182 3726 Praetulerim,

100 3721 175 3789 bus,
197 3735 226 3779 et
241 3722 363 3789 infieri
376 3738 475 3797 regem
492 3726 623 3800 suppleri
679 3723 739 3780 uod
759 3725 796 3777 eii
818 3728 849 3780 in
871 3722 923 3777 Ed.
938 3725 1001 3778 Iton
1023 3725 1096 3791 olii5
1117 3732 1183 3781 tum

101 3784 191 3845 debet
205 3808 240 3845 ax
253 3809 336 3845 nexu.
359 3795 423 3850 Post
440 3805 534 3849 antem
543 3802 623 3851 utra·
659 3741 790 3868 deligeb.
813 3794 837 3848 si
861 3792 918 3846 scri
942 3792 962 3844 ti
982 3740 1052 3850 uiri
1067 3792 1181 3847 addice·

101 3861 260 3935 queetiam
278 3860 625 3931 exiibro'rnmconiensu
657 3872 734 3918 rent.
765 3863 834 3918 Bos.
864 3811 946 3915 Laid.
971 3877 1008 3916 m.
1037 3863 1115 3915 Voss'.
1144 3861 1181 3916 A.

101 3939 183 3982 recte
204 3927 309 3995 habet,
335 3932 387 3986 etsi
408 3933 483 3986 male
504 3932 624 3986 auribus
660 3930 902 4056 deligebantuss.
912 3926 1110 4002 diligebatur.
1120 3932 1182 3986 De-

101 3996 204 4051 Noster
218 3996 370 4053 consuluit.
393 4002 473 4054 Haec
493 3999 623 4055 Tzsebu·
660 4000 723 4073 lige
745 4007 815 4054 atur
835 4009 917 4052 recte
940 4011 1083 4053 servatur.
1111 3996 1202 4052 Vid.¹
1283 3991 1288 4001 ’

101 4058 196 4119 ekina.
213 4064 373 4121 Veriffime.
389 4068 490 4143 ltaque
508 4070 623 4126 Horam
659 4062 851 4141 Oudendorp.
867 4064 903 4119 ad
921 4067 947 4120 J.
966 4069 1080 4121 Caesar.
1093 4068 1182 4120 1..v1.

98 4131 232 4202 restitui,
256 4132 339 4209 quod
360 4136 447 4190 otiam
468 4139 500 4192 iu
519 4141 575 4201 Ga.
595 4146 626 4190 ot
656 4139 693 4192 B.
710 4138 746 4190 G.
762 4150 826 4211 cap.
841 4136 881 4190 13.
906 4137 951 4189 De
966 4152 1000 4189 re
1015 4133 1075 4190 vid.
1091 4135 1182 4206 Span-

99 4198 159 4258 ult.
172 4195 242 4272 eta]
319 4216 326 4231 ¹
657 4204 734 4258 laem.
759 4200 796 4257 ad
819 4201 928 4259 iuliani
951 4203 1025 4274 Imp.
1047 4203 1130 4256 Orat.
1158 4219 1184 4256 1.
